{"gold_per_floor":[109,184,194,210,1,1,20,20,74,38,50,50,70,82,82,182,182,201,213,213,213,229,229,249,249,249,249,261,280,8,26,26,26],"floor_reached":33,"playtime":7920,"items_purged":[],"score":263,"play_id":"b3b71017-cd62-4975-9ec2-b62e41f6c03a","local_time":"20200702014253","is_ascension_mode":false,"campfire_choices":[{"data":"Reckless Charge","floor":6,"key":"SMITH"},{"data":"Power Through","floor":12,"key":"SMITH"},{"data":"Fiend Fire","floor":15,"key":"SMITH"},{"floor":23,"key":"REST"},{"floor":27,"key":"REST"},{"floor":32,"key":"REST"}],"neow_cost":"","seed_source_timestamp":0,"circlet_count":0,"master_deck":["Strike_R","Strike_R","Strike_R","Strike_R","Strike_R","Defend_R","Defend_R","Defend_R","Defend_R","Bash","Anger","Anger","Fire Breathing","Inflame","Thunderclap","Reckless Charge+1","True Grit","Infernal Blade","Power Through+1","Anger","Fiend Fire+1","Rage","Berserk","Headbutt+1","Battle Trance","Perfected Strike","Impervious","Bludgeon","Armaments","Metallicize","Dramatic Entrance","Iron Wave"],"relics":["Black Blood","MealTicket","Nloth\u0027s Gift","Ornamental Fan","Pen Nib"],"potions_floor_usage":[16,22,22,25],"damage_taken":[{"damage":0,"enemies":"2 Louse","floor":1,"turns":3},{"damage":0,"enemies":"Cultist","floor":3,"turns":3},{"damage":1,"enemies":"Jaw Worm","floor":4,"turns":4},{"damage":10,"enemies":"Looter","floor":7,"turns":3},{"damage":8,"enemies":"Exordium Thugs","floor":11,"turns":3},{"damage":0,"enemies":"2 Fungi Beasts","floor":13,"turns":2},{"damage":7,"enemies":"Blue Slaver","floor":14,"turns":4},{"damage":31,"enemies":"The Guardian","floor":16,"turns":7},{"damage":29,"enemies":"Shell Parasite","floor":18,"turns":5},{"damage":0,"enemies":"Spheric Guardian","floor":19,"turns":5},{"damage":52,"enemies":"3 Cultists","floor":22,"turns":6},{"damage":30,"enemies":"Sentry and Sphere","floor":24,"turns":7},{"damage":0,"enemies":"Slavers","floor":25,"turns":2},{"damage":25,"enemies":"Shelled Parasite and Fungi","floor":28,"turns":5},{"damage":15,"enemies":"Cultist and Chosen","floor":29,"turns":5},{"damage":20,"enemies":"Chosen and Byrds","floor":31,"turns":5},{"damage":102,"enemies":"Champ","floor":33,"turns":11}],"seed_played":"46662","potions_obtained":[{"floor":1,"key":"Fire Potion"},{"floor":3,"key":"Swift Potion"},{"floor":14,"key":"Block Potion"},{"floor":18,"key":"SmokeBomb"},{"floor":19,"key":"SteroidPotion"}],"is_trial":false,"path_per_floor":["M","?","M","M","$","R","M","?","T","$","M","R","M","M","R","B",null,"M","M","?","?","M","R","M","E","T","R","M","M","$","M","R","B"],"character_chosen":"IRONCLAD","items_purchased":["Inflame","Thunderclap","Reckless Charge","True Grit","Power Through","Metallicize","Pen Nib","Dramatic Entrance"],"campfire_rested":3,"item_purchase_floors":[5,5,5,5,10,30,30,30],"current_hp_per_floor":[80,69,75,80,80,80,76,76,76,80,79,79,82,82,82,58,84,68,81,64,64,24,51,33,45,45,72,59,56,71,63,90,0],"gold":26,"neow_bonus":"","is_prod":false,"is_daily":false,"chose_seed":true,"campfire_upgraded":3,"win_rate":0.0,"timestamp":1593672173,"path_taken":["M","?","M","M","$","R","M","?","T","$","?","R","M","M","R","BOSS","M","M","?","?","M","R","M","E","T","R","M","?","$","M","R","BOSS"],"build_version":"2020-01-27","purchased_purges":0,"victory":false,"max_hp_per_floor":[80,80,80,80,80,80,80,80,80,80,81,81,82,83,83,84,84,85,86,91,91,91,91,91,91,91,91,91,91,91,91,91,91],"card_choices":[{"not_picked":["Warcry","Shrug It Off"],"picked":"Anger","floor":1},{"not_picked":["Dark Embrace","Flex"],"picked":"Anger","floor":3},{"not_picked":["Disarm","Shrug It Off"],"picked":"Fire Breathing","floor":4},{"not_picked":["Thunderclap","Clothesline"],"picked":"Infernal Blade","floor":7},{"not_picked":["Thunderclap","Warcry"],"picked":"Anger","floor":11},{"not_picked":["Cleave","Sword Boomerang"],"picked":"Fiend Fire","floor":13},{"not_picked":["Infernal Blade","Headbutt"],"picked":"Rage","floor":14},{"not_picked":["Bludgeon","Offering"],"picked":"Berserk","floor":16},{"not_picked":["Shrug It Off","Twin Strike"],"picked":"Headbutt+1","floor":18},{"not_picked":["Cleave","Combust"],"picked":"Battle Trance","floor":19},{"not_picked":["Sword Boomerang","Feel No Pain+1"],"picked":"Perfected Strike","floor":22},{"not_picked":["Flex+1","Entrench"],"picked":"Impervious","floor":24},{"not_picked":["Clash","Sword Boomerang"],"picked":"Bludgeon","floor":28},{"not_picked":["True Grit","Burning Pact"],"picked":"Armaments","floor":29},{"not_picked":["Blood for Blood","Sever Soul"],"picked":"Iron Wave","floor":31}],"player_experience":0,"relics_obtained":[{"floor":9,"key":"MealTicket"},{"floor":26,"key":"Ornamental Fan"}],"event_choices":[{"damage_healed":0,"gold_gain":75,"player_choice":"Gather Gold","damage_taken":11,"max_hp_gain":0,"max_hp_loss":0,"event_name":"World of Goop","floor":2,"gold_loss":0},{"damage_healed":0,"gold_gain":0,"player_choice":"Trade","damage_taken":0,"relics_obtained":["FaceOfCleric"],"max_hp_gain":0,"max_hp_loss":0,"event_name":"FaceTrader","floor":8,"gold_loss":0},{"damage_healed":0,"gold_gain":0,"player_choice":"Shed Blood","damage_taken":22,"max_hp_gain":5,"max_hp_loss":0,"event_name":"Forgotten Altar","floor":20,"gold_loss":0},{"damage_healed":0,"gold_gain":0,"player_choice":"Traded Relic","damage_taken":0,"relics_obtained":["Nloth\u0027s Gift"],"max_hp_gain":0,"max_hp_loss":0,"event_name":"N\u0027loth","floor":21,"relics_lost":["FaceOfCleric"],"gold_loss":0}],"is_beta":false,"boss_relics":[{"not_picked":["SacredBark","Ectoplasm"],"picked":"Black Blood"}],"items_purged_floors":[],"is_endless":false,"potions_floor_spawned":[1,3,14,18,19],"killed_by":"Champ","ascension_level":0}