{"gold_per_floor":[17,35,49,59,70,70,95,95,95,115,115,143,156,191,191,295,295,307,307,324,339,339,339,364,364,391,411,451,67,76,76,76,174,174,187,207,63,78,92,123,133,133,157,167,202,214,214,248,248,248,248,248,50,76,76],"floor_reached":56,"playtime":6172,"items_purged":["Anger"],"score":1509,"play_id":"d286d5b8-1b7e-4f9d-b37c-11af19ee72f6","local_time":"20200825171233","is_ascension_mode":true,"campfire_choices":[{"data":"Bash","floor":6.0,"key":"SMITH"},{"data":"Feed","floor":8.0,"key":"SMITH"},{"data":"Seeing Red","floor":15.0,"key":"SMITH"},{"data":"Ghostly","floor":23.0,"key":"SMITH"},{"data":"Ghostly","floor":25.0,"key":"SMITH"},{"data":"Ghostly","floor":32.0,"key":"SMITH"},{"floor":42.0,"key":"REST"},{"floor":49.0,"key":"RECALL"},{"floor":52.0,"key":"REST"}],"neow_cost":"NO_GOLD","seed_source_timestamp":0,"circlet_count":0,"master_deck":["Bash+1","Master of Strategy","Battle Trance","Ghostly Armor","Seeing Red+1","Carnage","Feed+1","Carnage","Power Through","Power Through","Impervious","Rupture","Flex","Combust","Fire Breathing","Dropkick","Feel No Pain","Warcry+1","Ghostly+1","Ghostly+1","Ghostly+1","Ghostly","Ghostly","Heavy Blade+1","Metallicize","Reaper","J.A.X.","Evolve+1","Limit Break","Inflame","Limit Break","Dark Embrace+1","Rupture+1","Battle Trance+1"],"special_seed":0,"relics":["Burning Blood","Torii","Red Skull","Toy Ornithopter","Bottled Flame","Pandora\u0027s Box","CaptainsWheel","Boot","Bird Faced Urn","Nloth\u0027s Gift","Fusion Hammer","ClockworkSouvenir","Dream Catcher","Kunai","Frozen Egg 2","DollysMirror","FossilizedHelix"],"potions_floor_usage":[55,55],"damage_taken":[{"damage":0.0,"enemies":"Small Slimes","floor":1.0,"turns":3.0},{"damage":4.0,"enemies":"Jaw Worm","floor":2.0,"turns":6.0},{"damage":3.0,"enemies":"2 Louse","floor":3.0,"turns":3.0},{"damage":0.0,"enemies":"Red Slaver","floor":4.0,"turns":5.0},{"damage":10.0,"enemies":"3 Louse","floor":5.0,"turns":4.0},{"damage":4.0,"enemies":"Gremlin Nob","floor":7.0,"turns":3.0},{"damage":0.0,"enemies":"Large Slime","floor":10.0,"turns":5.0},{"damage":27.0,"enemies":"Lagavulin","floor":12.0,"turns":6.0},{"damage":7.0,"enemies":"Exordium Thugs","floor":13.0,"turns":4.0},{"damage":1.0,"enemies":"Gremlin Nob","floor":14.0,"turns":3.0},{"damage":24.0,"enemies":"The Guardian","floor":16.0,"turns":19.0},{"damage":4.0,"enemies":"Chosen","floor":18.0,"turns":5.0},{"damage":14.0,"enemies":"3 Byrds","floor":20.0,"turns":7.0},{"damage":24.0,"enemies":"Snake Plant","floor":21.0,"turns":8.0},{"damage":12.0,"enemies":"Slavers","floor":24.0,"turns":5.0},{"damage":6.0,"enemies":"3 Cultists","floor":27.0,"turns":6.0},{"damage":5.0,"enemies":"Book of Stabbing","floor":28.0,"turns":3.0},{"damage":12.0,"enemies":"Collector","floor":33.0,"turns":10.0},{"damage":5.0,"enemies":"Orb Walker","floor":35.0,"turns":5.0},{"damage":3.0,"enemies":"3 Shapes","floor":36.0,"turns":6.0},{"damage":21.0,"enemies":"Maw","floor":38.0,"turns":9.0},{"damage":28.0,"enemies":"Jaw Worm Horde","floor":39.0,"turns":6.0},{"damage":22.0,"enemies":"Giant Head","floor":40.0,"turns":9.0},{"damage":10.0,"enemies":"Writhing Mass","floor":41.0,"turns":6.0},{"damage":16.0,"enemies":"Spire Growth","floor":44.0,"turns":7.0},{"damage":8.0,"enemies":"Reptomancer","floor":45.0,"turns":7.0},{"damage":8.0,"enemies":"4 Shapes","floor":46.0,"turns":5.0},{"damage":37.0,"enemies":"Giant Head","floor":48.0,"turns":9.0},{"damage":36.0,"enemies":"Donu and Deca","floor":50.0,"turns":10.0},{"damage":56.0,"enemies":"Shield and Spear","floor":54.0,"turns":6.0},{"damage":56,"enemies":"The Heart","floor":55,"turns":10}],"seed_played":"-5827951755805164683","potions_obtained":[{"floor":2.0,"key":"ElixirPotion"},{"floor":4.0,"key":"Block Potion"},{"floor":5.0,"key":"BlessingOfTheForge"},{"floor":7.0,"key":"Block Potion"},{"floor":16.0,"key":"FearPotion"},{"floor":20.0,"key":"BloodPotion"},{"floor":21.0,"key":"Swift Potion"},{"floor":28.0,"key":"SteroidPotion"},{"floor":35.0,"key":"Block Potion"},{"floor":41.0,"key":"ColorlessPotion"},{"floor":48.0,"key":"BloodPotion"}],"is_trial":false,"path_per_floor":["M","M","M","M","M","R","E","R","T","M","?","E","M","E","R","B",null,"M","?","M","M","?","R","E","R","T","M","E","$","?","?","R","B",null,"M","M","$","M","M","E","M","R","T","M","E","M","?","E","R","B",null,"R","$","E","B",null],"character_chosen":"IRONCLAD","items_purchased":["Bird Faced Urn","ClockworkSouvenir","DollysMirror","SteroidPotion"],"campfire_rested":2,"item_purchase_floors":[29,37,53,53],"current_hp_per_floor":[80,80,80,80,76,76,78,78,78,84,77,60,68,78,78,64,96,100,50,42,24,24,24,27,27,27,31,36,36,36,36,36,40,62,62,66,66,56,65,75,82,82,82,82,86,90,85,89,89,74,93,93,93,97,81],"gold":76,"neow_bonus":"RANDOM_COLORLESS_2","is_prod":false,"is_daily":false,"chose_seed":false,"campfire_upgraded":6,"win_rate":0,"timestamp":1598393553,"path_taken":["M","M","M","M","M","R","E","R","T","M","?","E","M","E","R","BOSS","M","?","M","M","?","R","E","R","T","M","E","$","?","?","R","BOSS","M","M","$","M","M","E","M","R","T","M","E","M","?","E","R","BOSS","R","$","E","BOSS"],"build_version":"2020-07-30","purchased_purges":1,"victory":true,"max_hp_per_floor":[80,80,80,80,80,80,80,80,80,84,84,88,92,92,92,96,96,100,50,50,50,50,50,54,54,54,58,62,62,62,62,62,62,62,62,66,66,70,74,78,82,82,82,82,86,90,85,89,89,93,93,93,93,97,97],"card_choices":[{"not_picked":["Thinking Ahead","Violence"],"picked":"Master of Strategy","floor":0.0},{"not_picked":["Armaments","Havoc"],"picked":"Battle Trance","floor":1.0},{"not_picked":["Body Slam","Warcry"],"picked":"Ghostly Armor","floor":2.0},{"not_picked":["Armaments","Combust","Thunderclap"],"picked":"SKIP","floor":3.0},{"not_picked":["Dark Embrace","Body Slam"],"picked":"Seeing Red","floor":4.0},{"not_picked":["Warcry","Pommel Strike"],"picked":"Carnage","floor":5.0},{"not_picked":["Headbutt","Carnage"],"picked":"Feed","floor":7.0},{"not_picked":["Flex","Armaments","Body Slam"],"picked":"SKIP","floor":10.0},{"not_picked":["Intimidate","Perfected Strike"],"picked":"Carnage","floor":12.0},{"not_picked":["Infernal Blade","Feel No Pain"],"picked":"Power Through","floor":13.0},{"not_picked":["Immolate","True Grit"],"picked":"Power Through","floor":14.0},{"not_picked":["Juggernaut","Brutality"],"picked":"Impervious","floor":16.0},{"not_picked":["Body Slam","Havoc"],"picked":"Warcry+1","floor":18.0},{"not_picked":["Ghostly Armor","Rage","Entrench"],"picked":"SKIP","floor":20.0},{"not_picked":["Twin Strike+1","Sword Boomerang+1"],"picked":"Heavy Blade+1","floor":21.0},{"not_picked":["Headbutt","Warcry"],"picked":"Metallicize","floor":24.0},{"not_picked":["Heavy Blade","Perfected Strike","Pummel"],"picked":"SKIP","floor":27.0},{"not_picked":["Sever Soul","Pommel Strike+1"],"picked":"Reaper","floor":28.0},{"not_picked":["Warcry+1","Clash","Uppercut+1"],"picked":"SKIP","floor":35.0},{"not_picked":["Cleave","Immolate"],"picked":"Evolve+1","floor":36.0},{"not_picked":["Pommel Strike+1","Thunderclap+1","Clothesline+1"],"picked":"SKIP","floor":38.0},{"not_picked":["Bloodletting+1","Ghostly Armor+1","Clothesline"],"picked":"SKIP","floor":39.0},{"not_picked":["Flex","Clash+1"],"picked":"Limit Break","floor":40.0},{"not_picked":["Warcry","Bludgeon","Flex+1"],"picked":"SKIP","floor":41.0},{"not_picked":["Burning Pact+1","Feel No Pain+1","Havoc+1"],"picked":"SKIP","floor":44.0},{"not_picked":["Ghostly Armor","Searing Blow+1","Seeing Red"],"picked":"SKIP","floor":45.0},{"not_picked":["Ghostly Armor","Searing Blow+1","Seeing Red"],"picked":"SKIP","floor":45.0},{"not_picked":["Clash+1","Flex+1"],"picked":"Inflame","floor":46.0},{"not_picked":["Seeing Red","Intimidate+1"],"picked":"Limit Break","floor":48.0},{"not_picked":["Warcry","Dropkick"],"picked":"Dark Embrace+1","floor":52.0},{"not_picked":["Thunderclap","Havoc"],"picked":"Battle Trance+1","floor":54.0}],"player_experience":164337,"relics_obtained":[{"floor":7.0,"key":"Torii"},{"floor":9.0,"key":"Red Skull"},{"floor":12.0,"key":"Toy Ornithopter"},{"floor":14.0,"key":"Bottled Flame"},{"floor":24.0,"key":"CaptainsWheel"},{"floor":26.0,"key":"CeramicFish"},{"floor":28.0,"key":"Boot"},{"floor":40.0,"key":"Dream Catcher"},{"floor":45.0,"key":"Kunai"},{"floor":48.0,"key":"Frozen Egg 2"},{"floor":54.0,"key":"FossilizedHelix"}],"event_choices":[{"cards_removed":["Strike_R"],"damage_healed":0.0,"max_hp_gain":0.0,"max_hp_loss":0.0,"gold_gain":0.0,"event_name":"Golden Wing","player_choice":"Card Removal","floor":11.0,"gold_loss":0.0,"damage_taken":7.0},{"damage_healed":0.0,"max_hp_gain":0.0,"max_hp_loss":50.0,"gold_gain":0.0,"event_name":"Ghosts","player_choice":"Became a Ghost","floor":19.0,"gold_loss":0.0,"damage_taken":0.0,"cards_obtained":["Ghostly","Ghostly","Ghostly","Ghostly","Ghostly"]},{"cards_removed":["Offering"],"damage_healed":0.0,"max_hp_gain":0.0,"max_hp_loss":0.0,"gold_gain":0.0,"event_name":"Back to Basics","player_choice":"Elegance","floor":22.0,"gold_loss":0.0,"damage_taken":0.0},{"damage_healed":0.0,"max_hp_gain":0.0,"max_hp_loss":0.0,"gold_gain":0.0,"event_name":"Drug Dealer","player_choice":"Obtain J.A.X.","floor":30.0,"gold_loss":0.0,"damage_taken":0.0,"cards_obtained":["J.A.X."]},{"damage_healed":0.0,"max_hp_gain":0.0,"max_hp_loss":0.0,"gold_gain":0.0,"event_name":"N\u0027loth","player_choice":"Traded Relic","floor":31.0,"relics_lost":["CeramicFish"],"gold_loss":0.0,"damage_taken":0.0,"relics_obtained":["Nloth\u0027s Gift"]},{"damage_healed":0.0,"max_hp_gain":0.0,"max_hp_loss":5.0,"gold_gain":0.0,"event_name":"Winding Halls","player_choice":"Max HP","floor":47.0,"gold_loss":0.0,"damage_taken":0.0}],"is_beta":false,"boss_relics":[{"not_picked":["Black Star","Black Blood"],"picked":"Pandora\u0027s Box"},{"not_picked":["Tiny House","Astrolabe"],"picked":"Fusion Hammer"}],"items_purged_floors":[29],"is_endless":false,"potions_floor_spawned":[2,4,5,7,16,20,21,28,35,41,44,45,48],"ascension_level":3}