{"gold_per_floor":[212,14,24,24,37,68,83,113,163,174,174,200,216,247,247,319,319,330,330,348,348,362,362],"floor_reached":23,"playtime":1982,"items_purged":[],"score":446,"play_id":"def633b5-988a-4243-afdb-b3baeb9a6c13","local_time":"20220413162324","is_ascension_mode":true,"campfire_choices":[{"data":"Uppercut","floor":11.0,"key":"SMITH"},{"data":"Carnage","floor":15.0,"key":"SMITH"}],"neow_cost":"NONE","seed_source_timestamp":0,"circlet_count":0,"master_deck":["AscendersBane","Strike_R+1","Strike_R+1","Strike_R+1","Strike_R+1","Defend_R+1","Defend_R+1","Defend_R+1","Defend_R+1","Bash","Headbutt","Carnage+1","Feel No Pain","Ghostly Armor","Battle Trance","Spot Weakness","Dark Embrace","Uppercut+1","Sever Soul+1","Ghostly Armor","Berserk","Sentinel","Warcry+1"],"special_seed":0,"relics":["Burning Blood","Anchor","MealTicket","Darkstone Periapt","Bag of Preparation","Blood Vial","Whetstone","Cursed Key"],"potions_floor_usage":[23],"damage_taken":[{"damage":0.0,"enemies":"2 Louse","floor":1.0,"turns":3.0},{"damage":1.0,"enemies":"Cultist","floor":3.0,"turns":3.0},{"damage":4.0,"enemies":"Jaw Worm","floor":5.0,"turns":5.0},{"damage":6.0,"enemies":"3 Sentries","floor":6.0,"turns":10.0},{"damage":2.0,"enemies":"Blue Slaver","floor":7.0,"turns":5.0},{"damage":36.0,"enemies":"Gremlin Nob","floor":8.0,"turns":4.0},{"damage":22.0,"enemies":"Gremlin Gang","floor":10.0,"turns":7.0},{"damage":46.0,"enemies":"Lagavulin","floor":12.0,"turns":9.0},{"damage":0.0,"enemies":"3 Louse","floor":13.0,"turns":4.0},{"damage":6.0,"enemies":"3 Sentries","floor":14.0,"turns":8.0},{"damage":24.0,"enemies":"Slime Boss","floor":16.0,"turns":11.0},{"damage":15.0,"enemies":"Shell Parasite","floor":18.0,"turns":5.0},{"damage":16.0,"enemies":"3 Byrds","floor":20.0,"turns":6.0},{"damage":9.0,"enemies":"Sentry and Sphere","floor":22.0,"turns":5.0},{"damage":55,"enemies":"Gremlin Leader","floor":23,"turns":4}],"seed_played":"6670296337575600881","potions_obtained":[{"floor":3.0,"key":"ColorlessPotion"},{"floor":5.0,"key":"FairyPotion"},{"floor":7.0,"key":"EntropicBrew"},{"floor":13.0,"key":"Energy Potion"},{"floor":14.0,"key":"SkillPotion"},{"floor":16.0,"key":"PowerPotion"},{"floor":22.0,"key":"BlessingOfTheForge"}],"is_trial":false,"path_per_floor":["M","$","M","?","M","E","M","E","T","M","R","E","M","E","R","B",null,"M","?","M","?","M","E"],"character_chosen":"IRONCLAD","items_purchased":["Anchor","Carnage"],"campfire_rested":0,"item_purchase_floors":[2,2],"current_hp_per_floor":[74,74,75,75,75,75,75,45,45,29,29,19,27,29,29,13,60,53,53,45,45,44,0],"gold":362,"neow_bonus":"HUNDRED_GOLD","is_prod":false,"is_daily":false,"chose_seed":false,"campfire_upgraded":2,"win_rate":0,"timestamp":1649892204,"path_taken":["M","$","M","?","M","E","M","E","T","?","R","E","M","E","R","BOSS","M","?","M","?","M","E"],"build_version":"2022-03-07","purchased_purges":0,"victory":false,"max_hp_per_floor":[75,75,75,75,75,75,75,75,75,75,75,75,75,75,75,75,75,75,75,75,75,75,75],"relic_stats":{"Darkstone Periapt":0,"Blood Vial":14,"counters":[15,89],"MealTicket":0,"Bag of Preparation":[18],"Whetstone":["Sever Soul","Strike_R"],"Cursed Key":0,"obtain_stats":[{"Darkstone Periapt":8,"Blood Vial":12,"Anchor":2,"MealTicket":6,"Bag of Preparation":9,"Whetstone":14,"Cursed Key":17,"Burning Blood":0},{"Darkstone Periapt":6,"Blood Vial":8,"Anchor":1,"MealTicket":4,"Bag of Preparation":6,"Whetstone":10,"Cursed Key":11,"Burning Blood":0},{"Darkstone Periapt":30,"Blood Vial":46,"Anchor":3,"MealTicket":21,"Bag of Preparation":30,"Whetstone":58,"Cursed Key":69,"Burning Blood":0}],"Burning Blood":74},"card_choices":[{"not_picked":["Iron Wave","Sentinel"],"picked":"Headbutt","floor":1.0},{"not_picked":["Twin Strike","Power Through"],"picked":"Feel No Pain","floor":3.0},{"not_picked":["Warcry","Iron Wave"],"picked":"Ghostly Armor","floor":5.0},{"not_picked":["Entrench","Fire Breathing"],"picked":"Battle Trance","floor":6.0},{"not_picked":["Perfected Strike","Dropkick"],"picked":"Spot Weakness","floor":7.0},{"not_picked":["Rampage","Body Slam"],"picked":"Dark Embrace","floor":8.0},{"not_picked":["Pommel Strike","Havoc"],"picked":"Uppercut","floor":10.0},{"not_picked":["Sword Boomerang","Pommel Strike"],"picked":"Sever Soul","floor":12.0},{"not_picked":["Metallicize","Rage"],"picked":"Ghostly Armor","floor":13.0},{"not_picked":["Uppercut","Searing Blow","Flex"],"picked":"SKIP","floor":14.0},{"not_picked":["Brutality","Bludgeon"],"picked":"Berserk","floor":16.0},{"not_picked":["Sword Boomerang","Cleave","Iron Wave"],"picked":"SKIP","floor":18.0},{"not_picked":["Whirlwind","Havoc"],"picked":"Sentinel","floor":20.0},{"not_picked":["Dropkick","Shrug It Off"],"picked":"Warcry+1","floor":22.0}],"player_experience":747770,"relics_obtained":[{"floor":6.0,"key":"MealTicket"},{"floor":8.0,"key":"Darkstone Periapt"},{"floor":9.0,"key":"Bag of Preparation"},{"floor":12.0,"key":"Blood Vial"},{"floor":14.0,"key":"Whetstone"}],"event_choices":[{"cards_removed":["Strike_R"],"damage_healed":0.0,"max_hp_gain":0.0,"max_hp_loss":0.0,"gold_gain":0.0,"event_name":"Purifier","player_choice":"Purged","floor":4.0,"gold_loss":0.0,"damage_taken":0.0},{"damage_healed":0.0,"max_hp_gain":0.0,"max_hp_loss":0.0,"gold_gain":0.0,"event_name":"Back to Basics","player_choice":"Simplicity","floor":19.0,"gold_loss":0.0,"damage_taken":0.0,"cards_upgraded":["Strike_R","Strike_R","Strike_R","Defend_R","Defend_R","Defend_R","Defend_R"]},{"damage_healed":0.0,"max_hp_gain":0.0,"max_hp_loss":0.0,"gold_gain":0.0,"event_name":"Ghosts","player_choice":"Ignored","floor":21.0,"gold_loss":0.0,"damage_taken":0.0}],"is_beta":false,"boss_relics":[{"not_picked":["Runic Dome","Black Star"],"picked":"Cursed Key"}],"items_purged_floors":[],"is_endless":false,"potions_floor_spawned":[3,5,7,13,14,16,22],"killed_by":"Gremlin Leader","ascension_level":20}