{"gold_per_floor":[111,36,36,36,136,175,190,223,249,274,318,318,172,193,193,324,324,340,355,230,244,262,300,300,150,199,220,220,220,241,266,266,387,387,410,410,435,435,456,497,175,198,225,240,256,56,56],"floor_reached":47,"playtime":2625,"items_purged":["Defend_R","Strike_R","Defend_R","Defend_R","Strike_R","Defend_R+1"],"score":549,"play_id":"a08c5b61-20f5-4d5f-851f-1c0cbbc255aa","local_time":"20220419023337","is_ascension_mode":false,"campfire_choices":[{"data":"Bash","floor":12.0,"key":"SMITH"},{"data":"Shrug It Off","floor":15.0,"key":"SMITH"},{"data":"Clash","floor":24.0,"key":"SMITH"},{"data":"Carnage","floor":32.0,"key":"SMITH"}],"neow_cost":"NONE","seed_source_timestamp":75536030732691,"circlet_count":0,"master_deck":["Strike_R+1","Bash+1","Shrug It Off","Shrug It Off+1","Clash+1","Dual Wield+1","Carnage+1","Impervious"],"special_seed":0,"relics":["Burning Blood","NeowsBlessing","Golden Idol","Bag of Preparation","Magic Flower","PreservedInsect","Matryoshka","SacredBark","Ancient Tea Set","Lantern","Red Skull","Coffee Dripper","HornCleat","Medical Kit","Blood Vial"],"potions_floor_usage":[],"damage_taken":[{"damage":0.0,"enemies":"Jaw Worm","floor":1.0,"turns":1.0},{"damage":0.0,"enemies":"3 Sentries","floor":6.0,"turns":1.0},{"damage":0.0,"enemies":"2 Louse","floor":7.0,"turns":1.0},{"damage":35.0,"enemies":"Lagavulin","floor":8.0,"turns":10.0},{"damage":0.0,"enemies":"Small Slimes","floor":10.0,"turns":3.0},{"damage":0.0,"enemies":"Gremlin Nob","floor":11.0,"turns":2.0},{"damage":5.0,"enemies":"Red Slaver","floor":14.0,"turns":4.0},{"damage":17.0,"enemies":"The Guardian","floor":16.0,"turns":13.0},{"damage":3.0,"enemies":"Chosen","floor":18.0,"turns":6.0},{"damage":7.0,"enemies":"Spheric Guardian","floor":19.0,"turns":18.0},{"damage":8.0,"enemies":"3 Cultists","floor":21.0,"turns":6.0},{"damage":15.0,"enemies":"Shelled Parasite and Fungi","floor":22.0,"turns":13.0},{"damage":47.0,"enemies":"Gremlin Leader","floor":23.0,"turns":7.0},{"damage":7.0,"enemies":"Snake Plant","floor":27.0,"turns":3.0},{"damage":0.0,"enemies":"Snecko","floor":30.0,"turns":2.0},{"damage":0.0,"enemies":"3 Cultists","floor":31.0,"turns":4.0},{"damage":26.0,"enemies":"Champ","floor":33.0,"turns":8.0},{"damage":0.0,"enemies":"3 Darklings","floor":35.0,"turns":5.0},{"damage":1.0,"enemies":"3 Shapes","floor":37.0,"turns":5.0},{"damage":24.0,"enemies":"Sphere and 2 Shapes","floor":39.0,"turns":6.0},{"damage":25.0,"enemies":"Nemesis","floor":40.0,"turns":5.0},{"damage":0.0,"enemies":"3 Darklings","floor":42.0,"turns":3.0},{"damage":3.0,"enemies":"4 Shapes","floor":44.0,"turns":5.0},{"damage":0,"enemies":"Sphere and 2 Shapes","floor":45,"turns":4}],"seed_played":"-5216369031615640299","potions_obtained":[{"floor":7.0,"key":"BlessingOfTheForge"},{"floor":8.0,"key":"BlessingOfTheForge"},{"floor":10.0,"key":"Energy Potion"},{"floor":16.0,"key":"Energy Potion"},{"floor":18.0,"key":"ElixirPotion"},{"floor":22.0,"key":"Swift Potion"},{"floor":30.0,"key":"FearPotion"},{"floor":31.0,"key":"SkillPotion"},{"floor":42.0,"key":"Energy Potion"},{"floor":45,"key":"FearPotion"}],"is_trial":false,"path_per_floor":["M","$","?","?","?","E","M","E","T","M","E","R","$","M","R","B",null,"M","M","$","M","M","E","R","$","T","M","?","?","M","M","R","B",null,"M","?","M","?","M","E","$","M","T","M","M","$","$"],"character_chosen":"IRONCLAD","items_purchased":["Clash","Medical Kit"],"campfire_rested":0,"item_purchase_floors":[13,41],"current_hp_per_floor":[80,80,74,59,59,65,71,42,42,51,60,60,60,64,64,56,74,74,74,74,74,68,30,30,30,30,32,32,32,41,50,50,33,74,74,70,70,63,48,32,32,41,41,50,62,62,62],"gold":56,"neow_bonus":"THREE_ENEMY_KILL","is_prod":false,"is_daily":false,"chose_seed":false,"campfire_upgraded":4,"win_rate":0,"timestamp":1650353617,"path_taken":["M","$","?","?","?","E","M","E","T","?","E","R","$","M","R","BOSS","M","M","$","M","M","E","R","$","T","?","?","?","?","?","R","BOSS","M","?","M","?","M","E","$","M","T","M","M","?","$"],"build_version":"2022-03-07","purchased_purges":6,"victory":false,"max_hp_per_floor":[80,80,74,74,74,74,74,74,74,74,74,74,74,74,74,74,74,74,74,74,74,74,74,74,74,74,74,74,74,74,74,74,74,74,74,70,70,70,70,70,70,70,70,70,70,70,70],"card_choices":[{"not_picked":["True Grit","Headbutt","Dark Embrace"],"picked":"SKIP","floor":1.0},{"not_picked":["Pommel Strike","Pummel","Thunderclap"],"picked":"SKIP","floor":6.0},{"not_picked":["Flex","Seeing Red"],"picked":"Shrug It Off","floor":7.0},{"not_picked":["Power Through","Barricade","Cleave"],"picked":"SKIP","floor":8.0},{"not_picked":["Intimidate","Power Through","Anger"],"picked":"SKIP","floor":10.0},{"not_picked":["Cleave","Pommel Strike"],"picked":"Shrug It Off","floor":11.0},{"not_picked":["Flex","Pummel","Armaments"],"picked":"SKIP","floor":14.0},{"not_picked":["Shrug It Off","Disarm","Dark Embrace+1"],"picked":"SKIP","floor":18.0},{"not_picked":["Pommel Strike","Rage","Wild Strike+1"],"picked":"SKIP","floor":19.0},{"not_picked":["Clash+1","Heavy Blade","Metallicize+1"],"picked":"SKIP","floor":21.0},{"not_picked":["Flex","Warcry+1","Havoc"],"picked":"SKIP","floor":22.0},{"not_picked":["Carnage","Cleave","Searing Blow"],"picked":"SKIP","floor":23.0},{"not_picked":["Cleave","Power Through"],"picked":"Dual Wield+1","floor":27.0},{"not_picked":["Feel No Pain","Clash","Body Slam"],"picked":"SKIP","floor":30.0},{"not_picked":["Perfected Strike+1","Battle Trance","Warcry"],"picked":"SKIP","floor":31.0},{"not_picked":["Metallicize+1","Dropkick+1","Clothesline"],"picked":"SKIP","floor":35.0},{"not_picked":["Anger","Reckless Charge","Combust"],"picked":"SKIP","floor":37.0},{"not_picked":["Seeing Red+1","Warcry","Havoc"],"picked":"SKIP","floor":39.0},{"not_picked":["Body Slam+1","Headbutt","Iron Wave"],"picked":"SKIP","floor":40.0},{"not_picked":["Barricade","Flex+1","Dual Wield+1"],"picked":"SKIP","floor":42.0},{"not_picked":["Intimidate+1","Ghostly Armor+1","Wild Strike+1"],"picked":"SKIP","floor":44},{"not_picked":["Perfected Strike+1","Clothesline+1","Dual Wield+1"],"picked":"SKIP","floor":45}],"player_experience":813979,"relics_obtained":[{"floor":6.0,"key":"Bag of Preparation"},{"floor":8.0,"key":"Magic Flower"},{"floor":9.0,"key":"PreservedInsect"},{"floor":11.0,"key":"Matryoshka"},{"floor":23.0,"key":"Ancient Tea Set"},{"floor":26.0,"key":"Lantern"},{"floor":26.0,"key":"Red Skull"},{"floor":40.0,"key":"HornCleat"},{"floor":43.0,"key":"Blood Vial"}],"event_choices":[{"damage_healed":0.0,"max_hp_gain":0.0,"max_hp_loss":6.0,"gold_gain":0.0,"event_name":"Golden Idol","player_choice":"Lose Max HP","floor":3.0,"gold_loss":0.0,"damage_taken":0.0,"relics_obtained":["Golden Idol"]},{"damage_healed":0.0,"max_hp_gain":0.0,"max_hp_loss":0.0,"gold_gain":0.0,"event_name":"Shining Light","player_choice":"Entered Light","floor":4.0,"gold_loss":0.0,"damage_taken":15.0,"cards_upgraded":["Strike_R","Defend_R"]},{"damage_healed":0.0,"max_hp_gain":0.0,"max_hp_loss":0.0,"gold_gain":100.0,"event_name":"Golden Shrine","player_choice":"Pray","floor":5.0,"gold_loss":0.0,"damage_taken":0.0},{"damage_healed":0.0,"max_hp_gain":0.0,"max_hp_loss":0.0,"gold_gain":0.0,"cards_transformed":["Strike_R","Strike_R"],"event_name":"Drug Dealer","player_choice":"Became Test Subject","floor":28.0,"gold_loss":0.0,"damage_taken":0.0,"cards_obtained":["Carnage","Impervious"]},{"damage_healed":0.0,"max_hp_gain":0.0,"max_hp_loss":0.0,"gold_gain":0.0,"event_name":"NoteForYourself","player_choice":"Ignored","floor":29.0,"gold_loss":0.0,"damage_taken":0.0},{"damage_healed":0.0,"max_hp_gain":0.0,"max_hp_loss":4.0,"gold_gain":0.0,"event_name":"Winding Halls","player_choice":"Max HP","floor":36.0,"gold_loss":0.0,"damage_taken":0.0},{"damage_healed":0.0,"max_hp_gain":0.0,"max_hp_loss":0.0,"gold_gain":0.0,"event_name":"Wheel of Change","player_choice":"Damaged","floor":38.0,"gold_loss":0.0,"damage_taken":7.0}],"is_beta":false,"boss_relics":[{"not_picked":["Sozu","Tiny House"],"picked":"SacredBark"},{"not_picked":["Black Blood","Runic Pyramid"],"picked":"Coffee Dripper"}],"items_purged_floors":[2,13,20,25,41,46],"is_endless":false,"potions_floor_spawned":[7,8,10,16,18,22,30,31,42,44,45],"ascension_level":0}