{"gold_per_floor":[116,116,131,146,146,146,163,194,194,194,206,231,245,29,29,107,107,124,143,163,182,182,213,48,78,78,78,94,119,119,130,130,202,202,220,220,272,272,287,320,320,346,346,346,378,390,400,62,62,62,62,62,62,6,41,41],"floor_reached":56,"playtime":3811,"items_purged":[],"score":2114,"play_id":"4b9bb5e9-cb95-4652-bc5f-91cdf30d0225","local_time":"20220430045738","is_ascension_mode":true,"campfire_choices":[{"data":"Carnage","floor":6.0,"key":"SMITH"},{"data":"Power Through","floor":10.0,"key":"SMITH"},{"data":"Demon Form","floor":15.0,"key":"SMITH"},{"data":"Berserk","floor":27.0,"key":"SMITH"},{"data":"Shockwave","floor":30.0,"key":"SMITH"},{"data":"Sword Boomerang","floor":32.0,"key":"SMITH"},{"data":"Impervious","floor":41.0,"key":"SMITH"},{"data":"Master of Strategy","floor":44.0,"key":"SMITH"},{"floor":49.0,"key":"RECALL"},{"data":"Limit Break","floor":53.0,"key":"SMITH"}],"neow_cost":"NONE","seed_source_timestamp":251590256031033,"circlet_count":0,"master_deck":["AscendersBane","Strike_R","Strike_R","Strike_R","Defend_R","Defend_R","Defend_R","Bash","Carnage+1","Power Through+1","Sword Boomerang+1","Demon Form+1","Shrug It Off","Shrug It Off","Master of Strategy+1","Shockwave+1","Pommel Strike+1","Master of Strategy","Sword Boomerang+1","Impervious+1","Pommel Strike+1","Limit Break+1","Sword Boomerang+1"],"special_seed":0,"relics":["Burning Blood","Red Skull","CaptainsWheel","Thread and Needle","FossilizedHelix","Coffee Dripper","Bird Faced Urn","DollysMirror","Eternal Feather","White Beast Statue","Regal Pillow","Empty Cage","Magic Flower","Bag of Preparation","Oddly Smooth Stone","Pen Nib","Strange Spoon","HornCleat"],"potions_floor_usage":[],"damage_taken":[{"damage":7.0,"enemies":"2 Louse","floor":1.0,"turns":2.0},{"damage":1.0,"enemies":"Cultist","floor":3.0,"turns":3.0},{"damage":7.0,"enemies":"Jaw Worm","floor":4.0,"turns":3.0},{"damage":12.0,"enemies":"2 Fungi Beasts","floor":7.0,"turns":4.0},{"damage":30.0,"enemies":"3 Sentries","floor":8.0,"turns":9.0},{"damage":2.0,"enemies":"Exordium Wildlife","floor":11.0,"turns":3.0},{"damage":0.0,"enemies":"Gremlin Nob","floor":12.0,"turns":2.0},{"damage":0.0,"enemies":"Large Slime","floor":13.0,"turns":4.0},{"damage":5.0,"enemies":"The Guardian","floor":16.0,"turns":10.0},{"damage":0.0,"enemies":"Spheric Guardian","floor":18.0,"turns":4.0},{"damage":1.0,"enemies":"Shell Parasite","floor":19.0,"turns":4.0},{"damage":20.0,"enemies":"Shelled Parasite and Fungi","floor":20.0,"turns":6.0},{"damage":15.0,"enemies":"Snecko","floor":21.0,"turns":8.0},{"damage":53.0,"enemies":"Slavers","floor":23.0,"turns":7.0},{"damage":0.0,"enemies":"Gremlin Leader","floor":25.0,"turns":4.0},{"damage":0.0,"enemies":"Sentry and Sphere","floor":28.0,"turns":4.0},{"damage":22.0,"enemies":"Slavers","floor":29.0,"turns":5.0},{"damage":2.0,"enemies":"Shelled Parasite and Fungi","floor":31.0,"turns":4.0},{"damage":21.0,"enemies":"Champ","floor":33.0,"turns":7.0},{"damage":0.0,"enemies":"Orb Walker","floor":35.0,"turns":3.0},{"damage":7.0,"enemies":"2 Orb Walkers","floor":37.0,"turns":6.0},{"damage":26.0,"enemies":"3 Darklings","floor":39.0,"turns":4.0},{"damage":5.0,"enemies":"Giant Head","floor":40.0,"turns":7.0},{"damage":33.0,"enemies":"Nemesis","floor":42.0,"turns":9.0},{"damage":1.0,"enemies":"Giant Head","floor":45.0,"turns":8.0},{"damage":6.0,"enemies":"Jaw Worm Horde","floor":46.0,"turns":7.0},{"damage":6.0,"enemies":"Maw","floor":47.0,"turns":6.0},{"damage":47.0,"enemies":"Awakened One","floor":50.0,"turns":9.0},{"damage":54.0,"enemies":"Donu and Deca","floor":51.0,"turns":9.0},{"damage":73.0,"enemies":"Shield and Spear","floor":55.0,"turns":5.0},{"damage":21,"enemies":"The Heart","floor":56,"turns":2}],"seed_played":"3916160441478050718","potions_obtained":[{"floor":1.0,"key":"Fire Potion"},{"floor":11.0,"key":"BlessingOfTheForge"},{"floor":12.0,"key":"SpeedPotion"},{"floor":19.0,"key":"Weak Potion"},{"floor":23.0,"key":"SteroidPotion"},{"floor":28.0,"key":"Strength Potion"},{"floor":29.0,"key":"BloodPotion"},{"floor":31.0,"key":"CultistPotion"},{"floor":33.0,"key":"DistilledChaos"},{"floor":35.0,"key":"PowerPotion"},{"floor":39.0,"key":"Weak Potion"},{"floor":40.0,"key":"PowerPotion"},{"floor":42.0,"key":"Regen Potion"},{"floor":45.0,"key":"FearPotion"},{"floor":46.0,"key":"DuplicationPotion"},{"floor":55.0,"key":"SmokeBomb"}],"is_trial":false,"path_per_floor":["M","?","M","M","?","R","M","E","T","R","M","E","M","$","R","B",null,"M","M","M","M","?","E","$","E","T","R","M","E","R","M","R","B",null,"M","?","?","?","M","E","R","E","T","R","E","M","M","$","R","B","B",null,"R","$","E","B"],"character_chosen":"IRONCLAD","items_purchased":["Shrug It Off","Master of Strategy","DollysMirror","Limit Break","Strange Spoon","SpeedPotion"],"campfire_rested":0,"item_purchase_floors":[14,14,24,48,48,54],"current_hp_per_floor":[67,72,77,76,76,76,70,46,46,46,50,56,62,62,62,63,76,80,80,66,57,57,10,10,20,20,32,40,24,36,58,70,59,75,80,80,79,79,63,70,80,59,59,71,80,80,80,80,80,42,24,66,78,78,16,0],"gold":41,"neow_bonus":"RANDOM_COMMON_RELIC","is_prod":false,"is_daily":false,"chose_seed":false,"campfire_upgraded":9,"win_rate":0,"timestamp":1651312658,"path_taken":["M","?","M","M","?","R","?","E","T","R","M","E","M","?","R","BOSS","M","M","M","M","?","E","$","E","T","R","M","E","R","M","R","BOSS","M","?","?","?","M","E","R","E","T","R","E","M","M","$","R","BOSS","BOSS","R","$","E","BOSS"],"build_version":"2022-03-07","purchased_purges":0,"victory":false,"max_hp_per_floor":[75,80,80,80,80,80,80,80,80,80,80,80,80,80,80,80,80,80,80,80,80,80,80,80,80,80,80,80,80,80,80,80,80,80,80,80,80,80,80,80,80,80,80,80,80,80,80,80,80,80,80,80,80,80,80,80],"relic_stats":{"Strange Spoon":[6],"Regal Pillow":0,"counters":[31,168],"Bird Faced Urn":[32],"Magic Flower":[33],"Eternal Feather":70,"Pen Nib":[6],"Bag of Preparation":[16],"obtain_stats":[{"Regal Pillow":29,"Magic Flower":37,"Oddly Smooth Stone":42,"Thread and Needle":9,"Eternal Feather":25,"Pen Nib":45,"Bag of Preparation":40,"Empty Cage":34,"Burning Blood":0,"White Beast Statue":26,"Strange Spoon":48,"CaptainsWheel":8,"HornCleat":55,"DollysMirror":24,"Bird Faced Urn":23,"Coffee Dripper":17,"Red Skull":0,"FossilizedHelix":12},{"Regal Pillow":17,"Magic Flower":21,"Oddly Smooth Stone":24,"Thread and Needle":5,"Eternal Feather":15,"Pen Nib":25,"Bag of Preparation":23,"Empty Cage":19,"Burning Blood":0,"White Beast Statue":15,"Strange Spoon":27,"CaptainsWheel":5,"HornCleat":30,"DollysMirror":14,"Bird Faced Urn":14,"Coffee Dripper":9,"Red Skull":0,"FossilizedHelix":7},{"Regal Pillow":82,"Magic Flower":102,"Oddly Smooth Stone":122,"Thread and Needle":21,"Eternal Feather":73,"Pen Nib":130,"Bag of Preparation":113,"Empty Cage":93,"Burning Blood":0,"White Beast Statue":73,"Strange Spoon":143,"CaptainsWheel":21,"HornCleat":166,"DollysMirror":69,"Bird Faced Urn":69,"Coffee Dripper":40,"Red Skull":0,"FossilizedHelix":26}],"Burning Blood":189,"FossilizedHelix":[274],"White Beast Statue":[0.0,0.0,0.0,0.4,0.0,0.6000000000000001,0.0,0.0,0.0,0.0,0.0,6.279086080000001]},"card_choices":[{"not_picked":["Burning Pact","Havoc"],"picked":"Carnage","floor":3.0},{"not_picked":["Thunderclap","Armaments"],"picked":"Power Through","floor":4.0},{"not_picked":["Flex","Thunderclap"],"picked":"Sword Boomerang","floor":7.0},{"not_picked":["Body Slam","Shrug It Off"],"picked":"Demon Form","floor":8.0},{"not_picked":["Sword Boomerang","Ghostly Armor"],"picked":"Shrug It Off","floor":11.0},{"not_picked":["Blood for Blood","Perfected Strike","Thunderclap"],"picked":"SKIP","floor":12.0},{"not_picked":["Warcry","True Grit","Bludgeon"],"picked":"SKIP","floor":13.0},{"not_picked":["Fiend Fire","Juggernaut"],"picked":"Berserk","floor":16.0},{"not_picked":["Dual Wield","Carnage+1","Clothesline"],"picked":"SKIP","floor":18.0},{"not_picked":["Seeing Red","Uppercut","Blood for Blood"],"picked":"SKIP","floor":19.0},{"not_picked":["Cleave","Thunderclap","Headbutt"],"picked":"SKIP","floor":20.0},{"not_picked":["Wild Strike","Armaments","Thunderclap"],"picked":"SKIP","floor":21.0},{"not_picked":["Rage","Feed"],"picked":"Pommel Strike+1","floor":23.0},{"not_picked":["Intimidate","Body Slam","Perfected Strike"],"picked":"SKIP","floor":25.0},{"not_picked":["Pommel Strike","Clash"],"picked":"Sword Boomerang+1","floor":28.0},{"not_picked":["Perfected Strike","Armaments","Demon Form"],"picked":"SKIP","floor":29.0},{"not_picked":["Perfected Strike","Rage","Clothesline+1"],"picked":"SKIP","floor":31.0},{"not_picked":["Offering","Berserk"],"picked":"Impervious","floor":33.0},{"not_picked":["Havoc","Sentinel","Iron Wave"],"picked":"SKIP","floor":35.0},{"not_picked":["Wild Strike","Uppercut","Blood for Blood+1"],"picked":"SKIP","floor":39.0},{"not_picked":["Uppercut","Clothesline","Searing Blow"],"picked":"SKIP","floor":40.0},{"not_picked":["Thunderclap","Blood for Blood"],"picked":"Pommel Strike+1","floor":42.0},{"not_picked":["Reckless Charge","Cleave","Wild Strike"],"picked":"SKIP","floor":45.0},{"not_picked":["Metallicize","Headbutt+1","Twin Strike+1"],"picked":"SKIP","floor":46.0},{"not_picked":["Wild Strike+1","Metallicize","True Grit"],"picked":"SKIP","floor":47.0},{"not_picked":["Feel No Pain","Iron Wave"],"picked":"Sword Boomerang+1","floor":55.0}],"player_experience":895114,"relics_obtained":[{"floor":8.0,"key":"CaptainsWheel"},{"floor":9.0,"key":"Thread and Needle"},{"floor":12.0,"key":"FossilizedHelix"},{"floor":23.0,"key":"Bird Faced Urn"},{"floor":25.0,"key":"Eternal Feather"},{"floor":26.0,"key":"White Beast Statue"},{"floor":29.0,"key":"Regal Pillow"},{"floor":37.0,"key":"Magic Flower"},{"floor":40.0,"key":"Bag of Preparation"},{"floor":42.0,"key":"Oddly Smooth Stone"},{"floor":45.0,"key":"Pen Nib"},{"floor":55.0,"key":"HornCleat"}],"event_choices":[{"damage_healed":0.0,"max_hp_gain":5.0,"max_hp_loss":0.0,"gold_gain":0.0,"event_name":"Big Fish","player_choice":"Donut","floor":2.0,"gold_loss":0.0,"damage_taken":0.0},{"cards_removed":["Strike_R"],"damage_healed":0.0,"max_hp_gain":0.0,"max_hp_loss":0.0,"gold_gain":0.0,"event_name":"Bonfire Elementals","player_choice":"Offered Basic","floor":5.0,"gold_loss":0.0,"damage_taken":0.0},{"damage_healed":0.0,"max_hp_gain":0.0,"max_hp_loss":0.0,"gold_gain":0.0,"event_name":"The Library","player_choice":"Read","floor":22.0,"gold_loss":0.0,"damage_taken":0.0,"cards_obtained":["Shockwave"]},{"cards_removed":["Berserk"],"damage_healed":0.0,"max_hp_gain":0.0,"max_hp_loss":0.0,"gold_gain":0.0,"event_name":"Falling","player_choice":"Removed Power","floor":36.0,"gold_loss":0.0,"damage_taken":0.0},{"damage_healed":0.0,"max_hp_gain":0.0,"max_hp_loss":0.0,"gold_gain":0.0,"event_name":"Mysterious Sphere","player_choice":"Fight","floor":37.0,"gold_loss":0.0,"damage_taken":0.0},{"damage_healed":0.0,"max_hp_gain":0.0,"max_hp_loss":0.0,"gold_gain":0.0,"event_name":"Lab","player_choice":"Got Potions","floor":38.0,"gold_loss":0.0,"damage_taken":0.0}],"is_beta":false,"boss_relics":[{"not_picked":["Fusion Hammer","Black Blood"],"picked":"Coffee Dripper"},{"not_picked":["Runic Dome","Philosopher\u0027s Stone"],"picked":"Empty Cage"}],"items_purged_floors":[],"is_endless":false,"potions_floor_spawned":[1,11,12,19,23,28,29,31,33,35,37,39,40,42,45,46,47,55],"killed_by":"The Heart","ascension_level":20}