{"gold_per_floor":[14,14,32,48,72,116,116,156,209,209,243,243,38,72,72,170,170,190,215,35,53,53,53],"floor_reached":23,"playtime":1196,"items_purged":["Strike_R"],"score":509,"play_id":"b03101bf-9a43-43c2-973a-b0f8528c791f","local_time":"20220430012111","is_ascension_mode":true,"campfire_choices":[{"data":"1","floor":7.0,"key":"LIFT"},{"data":"2","floor":10.0,"key":"LIFT"},{"data":"3","floor":12.0,"key":"LIFT"},{"data":"Shockwave","floor":15.0,"key":"SMITH"}],"neow_cost":"NO_GOLD","seed_source_timestamp":0,"circlet_count":0,"master_deck":["AscendersBane","Defend_R","Defend_R","Defend_R","Defend_R","Bash","Twin Strike","Pommel Strike","Pommel Strike","Shockwave+1","Offering","Brutality","Spot Weakness","Finesse","Bite","Bite","Bite","Bite","Bite"],"special_seed":0,"relics":["Burning Blood","Girya","Golden Idol","Vajra","Centennial Puzzle","Smiling Mask","Membership Card","Singing Bowl","Runic Pyramid","Akabeko"],"potions_floor_usage":[23],"damage_taken":[{"damage":9.0,"enemies":"Jaw Worm","floor":1.0,"turns":4.0},{"damage":1.0,"enemies":"Cultist","floor":3.0,"turns":3.0},{"damage":5.0,"enemies":"Small Slimes","floor":4.0,"turns":4.0},{"damage":0.0,"enemies":"Gremlin Nob","floor":6.0,"turns":2.0},{"damage":25.0,"enemies":"Lagavulin","floor":8.0,"turns":7.0},{"damage":8.0,"enemies":"Gremlin Nob","floor":11.0,"turns":3.0},{"damage":16.0,"enemies":"Lagavulin","floor":14.0,"turns":4.0},{"damage":40.0,"enemies":"The Guardian","floor":16.0,"turns":11.0},{"damage":2.0,"enemies":"Chosen","floor":18.0,"turns":4.0},{"damage":25.0,"enemies":"2 Thieves","floor":19.0,"turns":3.0},{"damage":35.0,"enemies":"Sentry and Sphere","floor":21.0,"turns":5.0},{"damage":30,"enemies":"Slavers","floor":23,"turns":2}],"seed_played":"5026739872351811835","potions_obtained":[{"floor":3.0,"key":"Weak Potion"},{"floor":4.0,"key":"AttackPotion"},{"floor":16.0,"key":"Strength Potion"}],"is_trial":false,"path_per_floor":["M","?","M","M","T","E","R","E","T","R","E","R","$","E","R","B",null,"M","M","$","M","?","E"],"character_chosen":"IRONCLAD","items_purchased":["Membership Card","Offering","Akabeko","Finesse"],"campfire_rested":0,"item_purchase_floors":[13,13,20,20],"current_hp_per_floor":[65,65,68,68,68,68,68,49,49,49,49,49,49,43,43,11,55,63,46,46,21,21,0],"gold":53,"neow_bonus":"ONE_RARE_RELIC","is_prod":false,"is_daily":false,"chose_seed":false,"campfire_upgraded":1,"win_rate":0,"timestamp":1651299671,"path_taken":["M","?","M","M","?","E","R","E","T","R","E","R","$","E","R","BOSS","M","M","$","?","?","E"],"build_version":"2022-03-07","purchased_purges":1,"victory":false,"max_hp_per_floor":[75,68,68,68,68,68,68,68,68,68,68,68,68,70,70,70,70,72,72,72,74,74,74],"relic_stats":{"Girya":3,"Centennial Puzzle":[21],"Singing Bowl":6,"counters":[12,52],"Golden Idol":80,"Membership Card":203,"Smiling Mask":-12,"obtain_stats":[{"Blood Vial":8,"Girya":0,"Centennial Puzzle":9,"Singing Bowl":14,"Golden Idol":2,"Vajra":6,"Membership Card":13,"Smiling Mask":11,"Burning Blood":0,"Akabeko":20,"Runic Pyramid":17},{"Blood Vial":5,"Girya":0,"Centennial Puzzle":5,"Singing Bowl":7,"Golden Idol":1,"Vajra":4,"Membership Card":6,"Smiling Mask":6,"Burning Blood":0,"Akabeko":10,"Runic Pyramid":8},{"Blood Vial":20,"Girya":0,"Centennial Puzzle":20,"Singing Bowl":27,"Golden Idol":4,"Vajra":13,"Membership Card":23,"Smiling Mask":23,"Burning Blood":0,"Akabeko":45,"Runic Pyramid":38}],"Burning Blood":57},"card_choices":[{"not_picked":["Clash","Havoc","Flex"],"picked":"SKIP","floor":1.0},{"not_picked":["Dark Embrace","True Grit"],"picked":"Twin Strike","floor":3.0},{"not_picked":["Clash","True Grit","Body Slam"],"picked":"SKIP","floor":4.0},{"not_picked":["Uppercut","Twin Strike"],"picked":"Pommel Strike","floor":6.0},{"not_picked":["Perfected Strike","Reckless Charge"],"picked":"Pommel Strike","floor":8.0},{"not_picked":["Pommel Strike","Combust"],"picked":"Shockwave","floor":11.0},{"not_picked":["Evolve","Thunderclap","Armaments"],"picked":"Singing Bowl","floor":14.0},{"not_picked":["Offering","Exhume"],"picked":"Brutality","floor":16.0},{"not_picked":["Havoc","Armaments","Perfected Strike"],"picked":"Singing Bowl","floor":18.0},{"not_picked":["Pummel","Clothesline"],"picked":"Spot Weakness","floor":19.0},{"not_picked":["Flex","True Grit","Evolve"],"picked":"Singing Bowl","floor":21.0}],"player_experience":890861,"relics_obtained":[{"floor":6.0,"key":"Vajra"},{"floor":8.0,"key":"Blood Vial"},{"floor":9.0,"key":"Centennial Puzzle"},{"floor":11.0,"key":"Smiling Mask"},{"floor":14.0,"key":"Singing Bowl"}],"event_choices":[{"damage_healed":0.0,"max_hp_gain":0.0,"max_hp_loss":7.0,"gold_gain":0.0,"event_name":"Golden Idol","player_choice":"Lose Max HP","floor":2.0,"gold_loss":0.0,"damage_taken":0.0,"relics_obtained":["Golden Idol"]},{"damage_healed":0.0,"max_hp_gain":0.0,"max_hp_loss":0.0,"gold_gain":0.0,"event_name":"Vampires","player_choice":"Became a vampire (Vial)","floor":22.0,"relics_lost":["Blood Vial"],"gold_loss":0.0,"damage_taken":0.0,"cards_obtained":["Bite","Bite","Bite","Bite","Bite"]}],"is_beta":false,"boss_relics":[{"not_picked":["Ectoplasm","Cursed Key"],"picked":"Runic Pyramid"}],"items_purged_floors":[20],"is_endless":false,"potions_floor_spawned":[3,4,16],"killed_by":"Slavers","ascension_level":20}