{"gold_per_floor":[117,267,267,14,32,61,61,96,96,115,115,140,150,150,150,224,224,237,73,73,85,95,124,124,140,194,229,241,267,613,625,637,649],"floor_reached":33,"playtime":3218,"items_purged":["Doubt"],"score":645,"play_id":"2996e413-6aa1-4652-a857-b4315ae4ec29","local_time":"20220513173429","is_ascension_mode":true,"campfire_choices":[{"data":"Fiend Fire","floor":7.0,"key":"SMITH"},{"data":"Battle Trance","floor":11.0,"key":"SMITH"},{"floor":15.0,"key":"REST"},{"data":"Feel No Pain","floor":28.0,"key":"SMITH"},{"floor":32.0,"key":"REST"}],"neow_cost":"CURSE","seed_source_timestamp":0,"circlet_count":0,"master_deck":["AscendersBane","Strike_R","Strike_R","Strike_R","Strike_R","Strike_R","Defend_R","Defend_R+1","Defend_R","Defend_R","Bash","Sadistic Nature+1","Shrug It Off","Battle Trance+1","Finesse","Feel No Pain+1","Fiend Fire+1","Infernal Blade+1","Shrug It Off+1","Double Tap+1","Battle Trance+1","Ghostly Armor+1","Spot Weakness+1","Fiend Fire+1"],"special_seed":0,"relics":["Burning Blood","Spirit Poop","Potion Belt","Blood Vial","Toxic Egg 2","Meat on the Bone","Cursed Key","Omamori","Shuriken","Ornamental Fan","MawBank","Old Coin"],"potions_floor_usage":[33],"damage_taken":[{"damage":13.0,"enemies":"Small Slimes","floor":1.0,"turns":6.0},{"damage":1.0,"enemies":"Cultist","floor":5.0,"turns":3.0},{"damage":25.0,"enemies":"Gremlin Nob","floor":6.0,"turns":4.0},{"damage":28.0,"enemies":"Lagavulin","floor":8.0,"turns":7.0},{"damage":1.0,"enemies":"Jaw Worm","floor":10.0,"turns":2.0},{"damage":9.0,"enemies":"Gremlin Nob","floor":12.0,"turns":3.0},{"damage":0.0,"enemies":"3 Louse","floor":13.0,"turns":4.0},{"damage":6.0,"enemies":"The Guardian","floor":16.0,"turns":10.0},{"damage":11.0,"enemies":"Shell Parasite","floor":18.0,"turns":3.0},{"damage":9.0,"enemies":"3 Byrds","floor":21.0,"turns":5.0},{"damage":10.0,"enemies":"Cultist and Chosen","floor":22.0,"turns":5.0},{"damage":6.0,"enemies":"Book of Stabbing","floor":23.0,"turns":4.0},{"damage":0.0,"enemies":"Centurion and Healer","floor":25.0,"turns":5.0},{"damage":28.0,"enemies":"Slavers","floor":27.0,"turns":6.0},{"damage":10.0,"enemies":"Snecko","floor":29.0,"turns":4.0},{"damage":49.0,"enemies":"Gremlin Leader","floor":30.0,"turns":6.0},{"damage":50,"enemies":"Automaton","floor":33,"turns":10}],"seed_played":"-3618492997662580293","potions_obtained":[{"floor":1.0,"key":"LiquidMemories"},{"floor":8.0,"key":"PowerPotion"},{"floor":10.0,"key":"Energy Potion"},{"floor":13.0,"key":"Strength Potion"},{"floor":16.0,"key":"BloodPotion"},{"floor":21.0,"key":"Strength Potion"},{"floor":23.0,"key":"SkillPotion"},{"floor":29.0,"key":"Weak Potion"}],"is_trial":false,"path_per_floor":["M","?","?","$","M","E","R","E","T","M","R","E","M","?","R","B",null,"M","$","?","M","M","E","?","M","T","E","R","M","E","?","R","B"],"character_chosen":"IRONCLAD","items_purchased":["Battle Trance","Finesse","Omamori"],"campfire_rested":2,"item_purchase_floors":[4,4,19],"current_hp_per_floor":[61,61,61,61,66,47,47,25,25,32,32,31,51,28,50,52,69,66,66,66,75,71,73,73,75,75,53,53,51,22,22,44,0],"gold":649,"neow_bonus":"RANDOM_COLORLESS_2","is_prod":false,"is_daily":false,"chose_seed":false,"campfire_upgraded":3,"win_rate":0,"timestamp":1652488469,"path_taken":["M","?","?","$","?","E","R","E","T","M","R","E","M","?","R","BOSS","M","$","?","M","M","E","?","M","T","E","R","?","E","?","R","BOSS"],"build_version":"2022-03-07","purchased_purges":1,"victory":false,"max_hp_per_floor":[75,75,75,75,75,75,75,75,75,75,75,75,75,75,75,75,75,75,75,75,75,75,75,75,75,75,75,75,75,75,75,75,75],"relic_stats":{"Blood Vial":22,"counters":[17,87],"Shuriken":[12],"Ornamental Fan":[32],"Omamori":2,"Cursed Key":1,"MawBank":72,"obtain_stats":[{"Potion Belt":6,"Blood Vial":8,"Shuriken":20,"Ornamental Fan":23,"Spirit Poop":3,"Omamori":19,"Toxic Egg 2":9,"Cursed Key":17,"MawBank":27,"Burning Blood":0,"Meat on the Bone":12,"Old Coin":30},{"Potion Belt":3,"Blood Vial":4,"Shuriken":9,"Ornamental Fan":12,"Spirit Poop":1,"Omamori":9,"Toxic Egg 2":4,"Cursed Key":8,"MawBank":14,"Burning Blood":0,"Meat on the Bone":6,"Old Coin":16},{"Potion Belt":13,"Blood Vial":20,"Shuriken":42,"Ornamental Fan":56,"Spirit Poop":6,"Omamori":42,"Toxic Egg 2":20,"Cursed Key":39,"MawBank":67,"Burning Blood":0,"Meat on the Bone":25,"Old Coin":77}],"Burning Blood":90,"Meat on the Bone":24},"card_choices":[{"not_picked":["Secret Weapon","Secret Technique"],"picked":"Sadistic Nature","floor":0.0},{"not_picked":["Havoc","Flex"],"picked":"Shrug It Off","floor":1.0},{"not_picked":["Burning Pact","Wild Strike"],"picked":"Feel No Pain","floor":5.0},{"not_picked":["Bloodletting","Cleave"],"picked":"Fiend Fire","floor":6.0},{"not_picked":["Heavy Blade","Warcry","Cleave"],"picked":"SKIP","floor":8.0},{"not_picked":["Cleave","Flex+1"],"picked":"Infernal Blade+1","floor":10.0},{"not_picked":["Hemokinesis","Cleave"],"picked":"Shrug It Off+1","floor":12.0},{"not_picked":["Body Slam","Bludgeon","Clothesline"],"picked":"SKIP","floor":13.0},{"not_picked":["Bludgeon","Berserk"],"picked":"Double Tap+1","floor":16.0},{"not_picked":["Second Wind+1","Ghostly Armor+1"],"picked":"Battle Trance+1","floor":18.0},{"not_picked":["Second Wind+1","Metallicize","Heavy Blade"],"picked":"SKIP","floor":21.0},{"not_picked":["Armaments+1","Wild Strike","Twin Strike"],"picked":"SKIP","floor":22.0},{"not_picked":["Combust","Armaments+1","Reckless Charge"],"picked":"SKIP","floor":23.0},{"not_picked":["Heavy Blade","Hemokinesis","Perfected Strike"],"picked":"SKIP","floor":25.0},{"not_picked":["Rage+1","Searing Blow"],"picked":"Ghostly Armor+1","floor":27.0},{"not_picked":["Rampage","Uppercut"],"picked":"Spot Weakness+1","floor":29.0},{"not_picked":["Dark Embrace","Spot Weakness+1","Sword Boomerang"],"picked":"SKIP","floor":30.0}],"player_experience":919225,"relics_obtained":[{"floor":6.0,"key":"Potion Belt"},{"floor":8.0,"key":"Blood Vial"},{"floor":9.0,"key":"Toxic Egg 2"},{"floor":12.0,"key":"Meat on the Bone"},{"floor":23.0,"key":"Ornamental Fan"},{"floor":27.0,"key":"MawBank"},{"floor":30.0,"key":"Old Coin"}],"event_choices":[{"damage_healed":0.0,"max_hp_gain":0.0,"max_hp_loss":0.0,"gold_gain":150.0,"event_name":"Liars Game","player_choice":"AGREE","floor":2.0,"gold_loss":0.0,"damage_taken":0.0,"cards_obtained":["Doubt"]},{"cards_removed":["Shame"],"damage_healed":0.0,"max_hp_gain":0.0,"max_hp_loss":0.0,"gold_gain":0.0,"event_name":"Bonfire Elementals","player_choice":"Offered Curse","floor":3.0,"gold_loss":0.0,"damage_taken":0.0,"relics_obtained":["Spirit Poop"]},{"damage_healed":0.0,"max_hp_gain":0.0,"max_hp_loss":0.0,"gold_gain":0.0,"event_name":"Shining Light","player_choice":"Entered Light","floor":14.0,"gold_loss":0.0,"damage_taken":23.0,"cards_upgraded":["Defend_R","Sadistic Nature"]},{"damage_healed":0.0,"max_hp_gain":0.0,"max_hp_loss":0.0,"gold_gain":0.0,"event_name":"The Mausoleum","player_choice":"Opened","floor":20.0,"gold_loss":0.0,"damage_taken":0.0,"relics_obtained":["Shuriken"],"cards_obtained":["Writhe"]},{"damage_healed":0.0,"max_hp_gain":0.0,"max_hp_loss":0.0,"gold_gain":0.0,"event_name":"Match and Keep!","player_choice":"0 cards matched","floor":24.0,"gold_loss":0.0,"damage_taken":0.0,"cards_obtained":[]},{"damage_healed":0.0,"max_hp_gain":0.0,"max_hp_loss":0.0,"gold_gain":0.0,"event_name":"Duplicator","player_choice":"Copied","floor":31.0,"gold_loss":0.0,"damage_taken":0.0,"cards_obtained":["Fiend Fire"]}],"is_beta":false,"boss_relics":[{"not_picked":["Ectoplasm","Velvet Choker"],"picked":"Cursed Key"}],"items_purged_floors":[4],"is_endless":false,"potions_floor_spawned":[1,8,10,13,16,21,23,29],"killed_by":"Automaton","ascension_level":20}