{"gold_per_floor":[118,118,3,13,27,27,62,62,62,62,80,105,117,117,117,190,190,210,210,225,239,252,252,280,280,352,380,405,443,461,386,386,471,471,485,505,14,14,37,62,62,101,113,125,171,183,214,236,248,260,272,284,296,125,153,153],"floor_reached":56,"playtime":4512,"items_purged":["Strike_R","Strike_R"],"score":2039,"play_id":"da99fde1-43c4-4fea-8f8c-05a51920ef40","local_time":"20220705132848","is_ascension_mode":true,"campfire_choices":[{"data":"Shockwave","floor":6.0,"key":"SMITH"},{"floor":8.0,"key":"DIG"},{"floor":10.0,"key":"DIG"},{"floor":15.0,"key":"DIG"},{"floor":23.0,"key":"DIG"},{"floor":25.0,"key":"DIG"},{"floor":32.0,"key":"DIG"},{"floor":41.0,"key":"DIG"},{"floor":49.0,"key":"RECALL"},{"floor":53.0,"key":"DIG"}],"neow_cost":"TEN_PERCENT_HP_LOSS","seed_source_timestamp":0,"circlet_count":0,"master_deck":["AscendersBane","Strike_R","Defend_R","Defend_R+1","Defend_R+1","Defend_R","Bash+1","Apotheosis+1","Pommel Strike","Hemokinesis","Rupture","Shockwave+1","Cleave+1","Inflame","Reaper","Barricade","Feed","Heavy Blade","Shrug It Off","Flame Barrier+1","Immolate","Pummel","Shockwave","Pommel Strike+1"],"special_seed":0,"relics":["Burning Blood","Shovel","Lantern","Paper Frog","War Paint","Oddly Smooth Stone","Snecko Eye","CeramicFish","Whetstone","Akabeko","Darkstone Periapt","Juzu Bracelet","CaptainsWheel","MealTicket","Fusion Hammer","PreservedInsect","Thread and Needle","Bag of Preparation","MawBank","Kunai","Frozen Egg 2","Toy Ornithopter","Ornamental Fan","InkBottle"],"potions_floor_usage":[56,56],"damage_taken":[{"damage":4.0,"enemies":"Jaw Worm","floor":1.0,"turns":3.0},{"damage":2.0,"enemies":"Cultist","floor":4.0,"turns":2.0},{"damage":5.0,"enemies":"Small Slimes","floor":5.0,"turns":3.0},{"damage":10.0,"enemies":"Gremlin Nob","floor":7.0,"turns":3.0},{"damage":8.0,"enemies":"Red Slaver","floor":11.0,"turns":4.0},{"damage":16.0,"enemies":"3 Sentries","floor":12.0,"turns":5.0},{"damage":11.0,"enemies":"Gremlin Gang","floor":13.0,"turns":3.0},{"damage":21.0,"enemies":"Hexaghost","floor":16.0,"turns":9.0},{"damage":5.0,"enemies":"Spheric Guardian","floor":18.0,"turns":4.0},{"damage":7.0,"enemies":"3 Byrds","floor":20.0,"turns":5.0},{"damage":8.0,"enemies":"Snake Plant","floor":21.0,"turns":3.0},{"damage":2.0,"enemies":"Centurion and Healer","floor":22.0,"turns":5.0},{"damage":32.0,"enemies":"Book of Stabbing","floor":24.0,"turns":4.0},{"damage":52.0,"enemies":"Slavers","floor":27.0,"turns":6.0},{"damage":30.0,"enemies":"Shelled Parasite and Fungi","floor":28.0,"turns":4.0},{"damage":39.0,"enemies":"Book of Stabbing","floor":29.0,"turns":5.0},{"damage":12.0,"enemies":"Snake Plant","floor":30.0,"turns":3.0},{"damage":18.0,"enemies":"Automaton","floor":33.0,"turns":12.0},{"damage":9.0,"enemies":"3 Shapes","floor":35.0,"turns":3.0},{"damage":0.0,"enemies":"3 Darklings","floor":36.0,"turns":2.0},{"damage":2.0,"enemies":"4 Shapes","floor":39.0,"turns":6.0},{"damage":11.0,"enemies":"Nemesis","floor":40.0,"turns":7.0},{"damage":2.0,"enemies":"Giant Head","floor":42.0,"turns":5.0},{"damage":38.0,"enemies":"Reptomancer","floor":45.0,"turns":8.0},{"damage":8.0,"enemies":"Jaw Worm Horde","floor":47.0,"turns":5.0},{"damage":16.0,"enemies":"Spire Growth","floor":48.0,"turns":3.0},{"damage":52.0,"enemies":"Donu and Deca","floor":50.0,"turns":10.0},{"damage":50.0,"enemies":"Time Eater","floor":51.0,"turns":12.0},{"damage":76.0,"enemies":"Shield and Spear","floor":55.0,"turns":6.0},{"damage":80,"enemies":"The Heart","floor":56,"turns":8}],"seed_played":"-5949693734776649145","potions_obtained":[{"floor":4.0,"key":"SteroidPotion"},{"floor":7.0,"key":"Swift Potion"},{"floor":11.0,"key":"PowerPotion"},{"floor":19.0,"key":"BloodPotion"},{"floor":19.0,"key":"Swift Potion"},{"floor":21.0,"key":"Dexterity Potion"},{"floor":28.0,"key":"Regen Potion"},{"floor":33.0,"key":"AttackPotion"},{"floor":42.0,"key":"DuplicationPotion"},{"floor":45.0,"key":"GamblersBrew"},{"floor":47.0,"key":"Dexterity Potion"},{"floor":55.0,"key":"CultistPotion"}],"is_trial":false,"path_per_floor":["M","?","$","M","M","R","E","R","T","R","M","E","M","?","R","B",null,"M","?","M","M","M","R","E","R","T","E","M","E","M","$","R","B",null,"M","M","$","?","M","E","R","E","T","?","E","?","M","M","R","B","B",null,"R","$","E","B"],"character_chosen":"IRONCLAD","items_purchased":["Hemokinesis","Rupture","PreservedInsect","Thread and Needle","EssenceOfSteel"],"campfire_rested":0,"item_purchase_floors":[3,3,37,37,54],"current_hp_per_floor":[68,68,68,68,68,68,64,64,64,64,62,52,47,47,47,42,62,63,68,67,65,71,71,57,57,57,32,17,10,25,25,25,52,72,76,85,85,85,89,88,88,97,97,92,72,72,84,89,89,57,30,85,85,100,66,0],"gold":153,"neow_bonus":"RANDOM_COLORLESS_2","is_prod":false,"is_daily":false,"chose_seed":false,"campfire_upgraded":1,"win_rate":0,"timestamp":1657052928,"path_taken":["M","?","$","M","M","R","E","R","T","R","?","E","M","?","R","BOSS","M","?","M","M","M","R","E","R","T","E","M","E","M","$","R","BOSS","M","M","$","?","M","E","R","E","T","?","E","?","M","M","R","BOSS","BOSS","R","$","E","BOSS"],"build_version":"2022-03-07","purchased_purges":2,"victory":false,"max_hp_per_floor":[68,68,68,68,68,68,68,68,68,68,68,68,68,68,68,68,68,68,68,68,68,71,71,71,71,71,74,78,78,78,78,78,78,78,81,85,85,85,89,93,93,97,97,92,96,96,100,103,103,103,103,103,103,103,103,103],"relic_stats":{"Darkstone Periapt":0,"counters":[30,158],"CeramicFish":54,"PreservedInsect":332,"Juzu Bracelet":1,"Bag of Preparation":[16],"Whetstone":["Bash","Cleave"],"War Paint":["Defend_R","Defend_R"],"MawBank":156,"Burning Blood":148,"Shovel":8,"Ornamental Fan":[16],"Snecko Eye":[218,231,220,223,-202],"MealTicket":15,"Kunai":[13],"obtain_stats":[{"Darkstone Periapt":26,"Lantern":8,"CeramicFish":23,"Oddly Smooth Stone":15,"Thread and Needle":37,"PreservedInsect":37,"Juzu Bracelet":27,"Bag of Preparation":40,"Whetstone":24,"War Paint":12,"Frozen Egg 2":43,"MawBank":41,"Burning Blood":0,"Akabeko":25,"CaptainsWheel":29,"Shovel":7,"Ornamental Fan":53,"Snecko Eye":17,"MealTicket":32,"Fusion Hammer":34,"Kunai":42,"Toy Ornithopter":45,"InkBottle":55,"Paper Frog":10},{"Darkstone Periapt":13,"Lantern":4,"CeramicFish":12,"Oddly Smooth Stone":7,"Thread and Needle":20,"PreservedInsect":20,"Juzu Bracelet":14,"Bag of Preparation":22,"Whetstone":13,"War Paint":6,"Frozen Egg 2":23,"MawBank":22,"Burning Blood":0,"Akabeko":13,"CaptainsWheel":16,"Shovel":4,"Ornamental Fan":28,"Snecko Eye":8,"MealTicket":17,"Fusion Hammer":18,"Kunai":23,"Toy Ornithopter":24,"InkBottle":29,"Paper Frog":4},{"Darkstone Periapt":53,"Lantern":11,"CeramicFish":49,"Oddly Smooth Stone":23,"Thread and Needle":88,"PreservedInsect":88,"Juzu Bracelet":59,"Bag of Preparation":101,"Whetstone":53,"War Paint":20,"Frozen Egg 2":106,"MawBank":101,"Burning Blood":0,"Akabeko":53,"CaptainsWheel":68,"Shovel":11,"Ornamental Fan":144,"Snecko Eye":32,"MealTicket":71,"Fusion Hammer":83,"Kunai":106,"Toy Ornithopter":114,"InkBottle":150,"Paper Frog":11}],"Toy Ornithopter":25,"InkBottle":[2]},"card_choices":[{"not_picked":["Master of Strategy","Transmutation"],"picked":"Apotheosis","floor":0.0},{"not_picked":["Shrug It Off","Anger"],"picked":"Pommel Strike","floor":1.0},{"not_picked":["Flex","Perfected Strike"],"picked":"Shockwave","floor":4.0},{"not_picked":["Entrench","Warcry"],"picked":"Cleave","floor":5.0},{"not_picked":["Headbutt","Flex","Anger"],"picked":"SKIP","floor":7.0},{"not_picked":["Iron Wave","Rampage"],"picked":"Inflame","floor":11.0},{"not_picked":["Heavy Blade","Body Slam","Iron Wave"],"picked":"SKIP","floor":12.0},{"not_picked":["True Grit","Second Wind"],"picked":"Reaper","floor":13.0},{"not_picked":["Immolate","Corruption"],"picked":"Barricade","floor":16.0},{"not_picked":["Headbutt","Hemokinesis","Sword Boomerang"],"picked":"SKIP","floor":18.0},{"not_picked":["True Grit","Twin Strike"],"picked":"Feed","floor":20.0},{"not_picked":["Power Through","Dark Embrace"],"picked":"Heavy Blade","floor":21.0},{"not_picked":["Flex","True Grit+1","Thunderclap"],"picked":"SKIP","floor":22.0},{"not_picked":["Fiend Fire","Warcry","Metallicize"],"picked":"SKIP","floor":24.0},{"not_picked":["Evolve","Wild Strike","Battle Trance+1"],"picked":"SKIP","floor":27.0},{"not_picked":["Rampage","Armaments+1"],"picked":"Shrug It Off","floor":28.0},{"not_picked":["Double Tap","Iron Wave"],"picked":"Flame Barrier+1","floor":29.0},{"not_picked":["Armaments","Body Slam","Anger+1"],"picked":"SKIP","floor":30.0},{"not_picked":["Feed","Berserk"],"picked":"Immolate","floor":33.0},{"not_picked":["Twin Strike","Headbutt","Metallicize"],"picked":"SKIP","floor":35.0},{"not_picked":["True Grit+1","Clothesline+1","Carnage"],"picked":"SKIP","floor":36.0},{"not_picked":["Wild Strike+1","Rage"],"picked":"Pummel","floor":39.0},{"not_picked":["Rampage","Infernal Blade","Twin Strike"],"picked":"SKIP","floor":40.0},{"not_picked":["Blood for Blood","True Grit","Body Slam"],"picked":"SKIP","floor":42.0},{"not_picked":["Fiend Fire","Twin Strike"],"picked":"Shockwave","floor":45.0},{"not_picked":["Body Slam+1","Havoc"],"picked":"Pommel Strike+1","floor":47.0},{"not_picked":["Warcry","Hemokinesis","Seeing Red"],"picked":"SKIP","floor":48.0},{"not_picked":["Flex","Perfected Strike+1","Battle Trance"],"picked":"SKIP","floor":55.0}],"player_experience":1002624,"relics_obtained":[{"floor":7.0,"key":"Shovel"},{"floor":8.0,"key":"Lantern"},{"floor":10.0,"key":"Paper Frog"},{"floor":12.0,"key":"War Paint"},{"floor":15.0,"key":"Oddly Smooth Stone"},{"floor":23.0,"key":"CeramicFish"},{"floor":24.0,"key":"Whetstone"},{"floor":25.0,"key":"Akabeko"},{"floor":26.0,"key":"Darkstone Periapt"},{"floor":27.0,"key":"Juzu Bracelet"},{"floor":29.0,"key":"CaptainsWheel"},{"floor":32.0,"key":"MealTicket"},{"floor":40.0,"key":"Bag of Preparation"},{"floor":41.0,"key":"MawBank"},{"floor":42.0,"key":"Kunai"},{"floor":43.0,"key":"Frozen Egg 2"},{"floor":45.0,"key":"Toy Ornithopter"},{"floor":53.0,"key":"Ornamental Fan"},{"floor":55.0,"key":"InkBottle"}],"event_choices":[{"damage_healed":0.0,"max_hp_gain":0.0,"max_hp_loss":0.0,"gold_gain":0.0,"event_name":"Upgrade Shrine","player_choice":"Upgraded","floor":2.0,"gold_loss":0.0,"damage_taken":0.0,"cards_upgraded":["Apotheosis"]},{"cards_removed":["Strike_R"],"damage_healed":0.0,"max_hp_gain":0.0,"max_hp_loss":0.0,"gold_gain":0.0,"event_name":"Bonfire Elementals","player_choice":"Offered Basic","floor":14.0,"gold_loss":0.0,"damage_taken":0.0},{"damage_healed":0.0,"max_hp_gain":0.0,"max_hp_loss":0.0,"gold_gain":0.0,"event_name":"Lab","player_choice":"Got Potions","floor":19.0,"gold_loss":0.0,"damage_taken":0.0},{"damage_healed":0.0,"max_hp_gain":0.0,"max_hp_loss":0.0,"gold_gain":0.0,"event_name":"SensoryStone","player_choice":"Memory 1","floor":38.0,"gold_loss":0.0,"damage_taken":0.0},{"damage_healed":0.0,"max_hp_gain":0.0,"max_hp_loss":5.0,"gold_gain":0.0,"event_name":"Winding Halls","player_choice":"Max HP","floor":44.0,"gold_loss":0.0,"damage_taken":0.0},{"cards_removed":["Strike_R"],"damage_healed":0.0,"max_hp_gain":0.0,"max_hp_loss":0.0,"gold_gain":0.0,"event_name":"Falling","player_choice":"Removed Attack","floor":46.0,"gold_loss":0.0,"damage_taken":0.0}],"is_beta":false,"boss_relics":[{"not_picked":["Black Blood","SlaversCollar"],"picked":"Snecko Eye"},{"not_picked":["Runic Dome","Runic Cube"],"picked":"Fusion Hammer"}],"items_purged_floors":[31,54],"is_endless":false,"potions_floor_spawned":[4,7,11,13,16,20,21,22,28,33,42,45,47,48,55],"killed_by":"The Heart","ascension_level":20}