{"gold_per_floor":[112,129,129,146,146,146,177,177,177,177,189,208,208,241,241,312,312,322,47,47,58,58,58,83,96,96,125,125,125,150,168,168,245,245,260,260,260,278,298,329,329,356,379,379,404,404,128,128,128,128,128],"floor_reached":51,"playtime":3320,"items_purged":["Defend_R"],"score":1648,"play_id":"4feceeed-37fe-4278-9f92-d6fb6910ca9e","local_time":"20220705142824","is_ascension_mode":true,"campfire_choices":[{"data":"Perfected Strike","floor":6.0,"key":"SMITH"},{"data":"Pommel Strike","floor":8.0,"key":"SMITH"},{"data":"Bash","floor":10.0,"key":"SMITH"},{"data":"Rupture","floor":15.0,"key":"SMITH"},{"floor":23.0,"key":"RECALL"},{"floor":28.0,"key":"REST"},{"floor":32.0,"key":"REST"}],"neow_cost":"NONE","seed_source_timestamp":650112457866914,"circlet_count":0,"master_deck":["AscendersBane","Strike_R","Strike_R","Strike_R","Strike_R","Defend_R","Defend_R","Defend_R","Bash+1","Havoc+1","Pommel Strike+1","Perfected Strike+1","Pain","Reaper","Uppercut","Rupture+1","Impervious","Pummel","Combust+1","Sword Boomerang","Exhume+1","Shrug It Off","Shrug It Off","Sword Boomerang","Disarm","Flame Barrier"],"special_seed":0,"relics":["Burning Blood","WarpedTongs","Pocketwatch","Matryoshka","Bag of Marbles","Blood Vial","Fusion Hammer","Paper Frog","Shuriken","Ancient Tea Set","Sundial","Omamori","Singing Bowl","PreservedInsect","Bronze Scales","Coffee Dripper","Happy Flower","Thread and Needle","Bag of Preparation","Strange Spoon"],"potions_floor_usage":[42,50],"damage_taken":[{"damage":1.0,"enemies":"Cultist","floor":1.0,"turns":3.0},{"damage":6.0,"enemies":"Small Slimes","floor":2.0,"turns":5.0},{"damage":9.0,"enemies":"2 Louse","floor":4.0,"turns":2.0},{"damage":32.0,"enemies":"Gremlin Nob","floor":7.0,"turns":4.0},{"damage":12.0,"enemies":"Blue Slaver","floor":11.0,"turns":3.0},{"damage":15.0,"enemies":"Exordium Thugs","floor":12.0,"turns":4.0},{"damage":11.0,"enemies":"Lagavulin","floor":14.0,"turns":3.0},{"damage":7.0,"enemies":"Slime Boss","floor":16.0,"turns":5.0},{"damage":19.0,"enemies":"Shell Parasite","floor":18.0,"turns":4.0},{"damage":21.0,"enemies":"3 Byrds","floor":21.0,"turns":5.0},{"damage":8.0,"enemies":"Gremlin Leader","floor":24.0,"turns":5.0},{"damage":45.0,"enemies":"Shelled Parasite and Fungi","floor":25.0,"turns":5.0},{"damage":39.0,"enemies":"Slavers","floor":27.0,"turns":7.0},{"damage":2.0,"enemies":"Gremlin Leader","floor":30.0,"turns":3.0},{"damage":18.0,"enemies":"Snecko","floor":31.0,"turns":3.0},{"damage":48.0,"enemies":"Automaton","floor":33.0,"turns":5.0},{"damage":24.0,"enemies":"Orb Walker","floor":35.0,"turns":4.0},{"damage":59,"enemies":"3 Darklings","floor":38,"turns":6},{"damage":11,"enemies":"Transient","floor":39,"turns":6},{"damage":14,"enemies":"Nemesis","floor":40,"turns":4},{"damage":32,"enemies":"Reptomancer","floor":42,"turns":3},{"damage":12,"enemies":"Nemesis","floor":45,"turns":5},{"damage":93,"enemies":"Donu and Deca","floor":50,"turns":9},{"damage":31,"enemies":"Awakened One","floor":51,"turns":3}],"seed_played":"-195021013151470292","potions_obtained":[{"floor":1.0,"key":"ElixirPotion"},{"floor":7.0,"key":"EntropicBrew"},{"floor":11.0,"key":"Fire Potion"},{"floor":16.0,"key":"Block Potion"},{"floor":24.0,"key":"Block Potion"},{"floor":27.0,"key":"SteroidPotion"},{"floor":33.0,"key":"BlessingOfTheForge"},{"floor":35.0,"key":"Strength Potion"},{"floor":38,"key":"SneckoOil"},{"floor":42,"key":"AttackPotion"}],"is_trial":false,"path_per_floor":["M","M","?","M","?","R","E","R","T","R","M","M","?","E","R","B",null,"M","$","?","M","?","R","E","M","T","E","R","T","E","M","R","B",null,"M","?","?","M","M","E","R","E","T","R","E","R","$","?","R","B","B"],"character_chosen":"IRONCLAD","items_purchased":["Paper Frog","Strange Spoon","Flame Barrier"],"campfire_rested":2,"item_purchase_floors":[19,47,47],"current_hp_per_floor":[73,73,73,70,70,70,44,44,44,44,42,33,22,17,17,50,69,75,75,75,75,75,75,75,66,66,45,67,67,77,77,77,63,74,58,58,58,68,79,71,71,66,66,66,69,69,69,65,65,16,0],"gold":128,"neow_bonus":"TRANSFORM_CARD","is_prod":false,"is_daily":false,"chose_seed":false,"campfire_upgraded":4,"win_rate":0,"timestamp":1657056504,"path_taken":["M","?","?","M","?","R","E","R","T","R","?","M","?","E","R","BOSS","M","$","?","M","?","R","E","M","T","E","R","?","E","M","R","BOSS","M","?","?","?","M","E","R","E","T","R","E","R","$","?","R","BOSS","BOSS"],"build_version":"2022-03-07","purchased_purges":1,"victory":false,"max_hp_per_floor":[75,75,75,75,75,75,75,75,75,75,75,75,75,75,75,75,75,75,75,75,75,75,75,75,75,75,75,75,75,77,77,77,77,77,77,77,77,79,79,79,79,81,81,81,81,81,81,87,87,87,87],"relic_stats":{"Singing Bowl":12,"Happy Flower":[6],"counters":[24,106],"PreservedInsect":211,"Omamori":0,"Bag of Preparation":[4],"Ancient Tea Set":[10],"Burning Blood":120,"WarpedTongs":[95],"Blood Vial":22,"Strange Spoon":[10],"Matryoshka":2,"Shuriken":[18],"Sundial":[10],"Bronze Scales":[148],"obtain_stats":[{"Singing Bowl":29,"Happy Flower":40,"Thread and Needle":42,"PreservedInsect":29,"Omamori":27,"Bag of Preparation":45,"Ancient Tea Set":26,"Burning Blood":0,"WarpedTongs":5,"Blood Vial":14,"Strange Spoon":47,"Matryoshka":9,"Shuriken":24,"Sundial":26,"Bronze Scales":30,"Fusion Hammer":17,"Bag of Marbles":13,"Coffee Dripper":34,"Pocketwatch":7,"Paper Frog":19},{"Singing Bowl":13,"Happy Flower":20,"Thread and Needle":21,"PreservedInsect":13,"Omamori":13,"Bag of Preparation":22,"Ancient Tea Set":12,"Burning Blood":0,"WarpedTongs":3,"Blood Vial":7,"Strange Spoon":22,"Matryoshka":4,"Shuriken":11,"Sundial":12,"Bronze Scales":14,"Fusion Hammer":8,"Bag of Marbles":6,"Coffee Dripper":16,"Pocketwatch":4,"Paper Frog":9},{"Singing Bowl":55,"Happy Flower":86,"Thread and Needle":89,"PreservedInsect":55,"Omamori":55,"Bag of Preparation":94,"Ancient Tea Set":48,"Burning Blood":0,"WarpedTongs":10,"Blood Vial":24,"Strange Spoon":94,"Matryoshka":14,"Shuriken":43,"Sundial":48,"Bronze Scales":58,"Fusion Hammer":29,"Bag of Marbles":21,"Coffee Dripper":66,"Pocketwatch":14,"Paper Frog":33}],"Pocketwatch":[129]},"card_choices":[{"not_picked":["Sever Soul","Hemokinesis"],"picked":"Pommel Strike","floor":1.0},{"not_picked":["Warcry","Fire Breathing"],"picked":"Perfected Strike","floor":2.0},{"not_picked":["Rampage","Infernal Blade","Bloodletting"],"picked":"SKIP","floor":4.0},{"not_picked":["Spot Weakness","Cleave"],"picked":"Reaper","floor":7.0},{"not_picked":["Anger","Seeing Red"],"picked":"Uppercut","floor":11.0},{"not_picked":["Evolve","Sever Soul","Headbutt"],"picked":"SKIP","floor":12.0},{"not_picked":["Heavy Blade","Warcry"],"picked":"Rupture","floor":14.0},{"not_picked":["Barricade","Demon Form"],"picked":"Impervious","floor":16.0},{"not_picked":["Cleave","Perfected Strike","Clothesline"],"picked":"SKIP","floor":18.0},{"not_picked":["Twin Strike","Feel No Pain","Bloodletting"],"picked":"SKIP","floor":21.0},{"not_picked":["Evolve","Wild Strike","Rampage"],"picked":"SKIP","floor":24.0},{"not_picked":["Dual Wield","Warcry"],"picked":"Pummel","floor":25.0},{"not_picked":["Havoc","Feed"],"picked":"Combust+1","floor":27.0},{"not_picked":["Anger","Warcry","Sentinel"],"picked":"Singing Bowl","floor":30.0},{"not_picked":["Clash","Wild Strike"],"picked":"Sword Boomerang","floor":31.0},{"not_picked":["Berserk","Barricade"],"picked":"Exhume","floor":33.0},{"not_picked":["Power Through","Sentinel"],"picked":"Shrug It Off","floor":35.0},{"not_picked":["Intimidate+1","Second Wind+1","Bloodletting"],"picked":"Singing Bowl","floor":38},{"not_picked":["Seeing Red","Blood for Blood+1"],"picked":"Shrug It Off","floor":39},{"not_picked":["Infernal Blade","Cleave"],"picked":"Sword Boomerang","floor":40},{"not_picked":["True Grit+1","Dropkick","Rampage"],"picked":"Singing Bowl","floor":42},{"not_picked":["Armaments","Burning Pact+1"],"picked":"Disarm","floor":45},{"not_picked":["PanicButton","HandOfGreed","Madness"],"picked":"Singing Bowl","floor":48},{"not_picked":["Discovery","Jack Of All Trades","Mind Blast"],"picked":"Singing Bowl","floor":48},{"not_picked":["Good Instincts","PanicButton","Dramatic Entrance"],"picked":"Singing Bowl","floor":48}],"player_experience":1007136,"relics_obtained":[{"floor":7.0,"key":"Pocketwatch"},{"floor":9.0,"key":"Matryoshka"},{"floor":14.0,"key":"Blood Vial"},{"floor":24.0,"key":"Shuriken"},{"floor":26.0,"key":"Ancient Tea Set"},{"floor":26.0,"key":"Sundial"},{"floor":27.0,"key":"Omamori"},{"floor":29.0,"key":"Singing Bowl"},{"floor":29.0,"key":"PreservedInsect"},{"floor":30.0,"key":"Bronze Scales"},{"floor":40,"key":"Happy Flower"},{"floor":42,"key":"Thread and Needle"},{"floor":45,"key":"Bag of Preparation"}],"event_choices":[{"damage_healed":0.0,"max_hp_gain":0.0,"max_hp_loss":0.0,"gold_gain":0.0,"event_name":"Living Wall","player_choice":"Grow","floor":3.0,"gold_loss":0.0,"damage_taken":0.0,"cards_upgraded":["Havoc"]},{"damage_healed":0.0,"max_hp_gain":0.0,"max_hp_loss":0.0,"gold_gain":0.0,"event_name":"Accursed Blacksmith","player_choice":"Rummage","floor":5.0,"gold_loss":0.0,"damage_taken":0.0,"relics_obtained":["WarpedTongs"],"cards_obtained":["Pain"]},{"damage_healed":0.0,"max_hp_gain":0.0,"max_hp_loss":0.0,"gold_gain":0.0,"event_name":"Scrap Ooze","player_choice":"Success","floor":13.0,"gold_loss":0.0,"damage_taken":11.0,"relics_obtained":["Bag of Marbles"]},{"damage_healed":0.0,"max_hp_gain":0.0,"max_hp_loss":0.0,"gold_gain":0.0,"event_name":"The Mausoleum","player_choice":"Ignored","floor":20.0,"gold_loss":0.0,"damage_taken":0.0},{"damage_healed":0.0,"max_hp_gain":0.0,"max_hp_loss":0.0,"gold_gain":0.0,"event_name":"Ghosts","player_choice":"Ignored","floor":22.0,"gold_loss":0.0,"damage_taken":0.0},{"damage_healed":0,"gold_gain":0,"player_choice":"Ignored","damage_taken":0,"max_hp_gain":0,"max_hp_loss":0,"event_name":"Tomb of Lord Red Mask","floor":36,"gold_loss":0},{"damage_healed":0,"gold_gain":0,"player_choice":"Upgraded","damage_taken":0,"max_hp_gain":0,"max_hp_loss":0,"event_name":"Upgrade Shrine","floor":37,"gold_loss":0,"cards_upgraded":["Exhume"]},{"damage_healed":0,"gold_gain":0,"player_choice":"Memory 3","damage_taken":10,"max_hp_gain":0,"max_hp_loss":0,"event_name":"SensoryStone","floor":48,"gold_loss":0}],"is_beta":false,"boss_relics":[{"not_picked":["SlaversCollar","Cursed Key"],"picked":"Fusion Hammer"},{"not_picked":["Tiny House","Runic Pyramid"],"picked":"Coffee Dripper"}],"items_purged_floors":[47],"is_endless":false,"potions_floor_spawned":[1,7,11,16,24,27,33,35,38,40,42],"killed_by":"Awakened One","ascension_level":20}