{"gold_per_floor":[119,130,130,150,150,150,181,199,199,242,242,265,265,289,289,289],"floor_reached":16,"playtime":1200,"items_purged":[],"score":224,"play_id":"6dafb825-6edb-4e8d-98f5-1cfc5c983f65","local_time":"20220815183900","is_ascension_mode":true,"campfire_choices":[{"data":"Body Slam","floor":6.0,"key":"SMITH"},{"data":"Offering","floor":13.0,"key":"SMITH"},{"data":"Bash","floor":15.0,"key":"SMITH"}],"neow_cost":"PERCENT_DAMAGE","seed_source_timestamp":568935032665283,"circlet_count":0,"master_deck":["AscendersBane","Strike_R","Strike_R","Strike_R","Strike_R","Defend_R","Defend_R","Defend_R","Defend_R","Bash+1","Offering+1","Clothesline","Body Slam+1","Shrug It Off","Rage+1","Infernal Blade+1","Reaper","Dual Wield+1","Seeing Red+1"],"special_seed":0,"relics":["Burning Blood","Golden Idol","Toxic Egg 2","Mummified Hand","Ornamental Fan"],"potions_floor_usage":[16],"damage_taken":[{"damage":6.0,"enemies":"2 Louse","floor":1.0,"turns":5.0},{"damage":10.0,"enemies":"Jaw Worm","floor":2.0,"turns":5.0},{"damage":9.0,"enemies":"Small Slimes","floor":4.0,"turns":4.0},{"damage":30.0,"enemies":"Lagavulin","floor":7.0,"turns":8.0},{"damage":7.0,"enemies":"Exordium Thugs","floor":8.0,"turns":6.0},{"damage":13.0,"enemies":"3 Sentries","floor":10.0,"turns":7.0},{"damage":0.0,"enemies":"2 Fungi Beasts","floor":12.0,"turns":2.0},{"damage":8.0,"enemies":"Blue Slaver","floor":14.0,"turns":4.0},{"damage":54,"enemies":"Slime Boss","floor":16,"turns":7}],"seed_played":"-8066366510691696852","potions_obtained":[{"floor":7.0,"key":"SteroidPotion"},{"floor":10.0,"key":"BloodPotion"},{"floor":14.0,"key":"Fruit Juice"}],"is_trial":false,"path_per_floor":["M","M","?","M","?","R","E","M","T","E","?","M","R","M","R","B"],"character_chosen":"IRONCLAD","items_purchased":[],"campfire_rested":0,"item_purchase_floors":[],"current_hp_per_floor":[50,46,46,43,43,43,19,18,18,11,11,25,25,32,32,0],"gold":289,"neow_bonus":"THREE_RARE_CARDS","is_prod":false,"is_daily":false,"chose_seed":false,"campfire_upgraded":3,"win_rate":0,"timestamp":1660613940,"path_taken":["M","M","?","M","?","R","E","M","T","E","?","?","R","M","R","BOSS"],"build_version":"2022-03-07","purchased_purges":0,"victory":false,"max_hp_per_floor":[75,75,68,68,68,68,68,68,68,68,68,68,68,73,73,73],"relic_stats":{"counters":[9,48],"Golden Idol":33,"Mummified Hand":[0],"Ornamental Fan":[16],"obtain_stats":[{"Golden Idol":3,"Mummified Hand":9,"Ornamental Fan":10,"Toxic Egg 2":7,"Burning Blood":0},{"Golden Idol":2,"Mummified Hand":5,"Ornamental Fan":6,"Toxic Egg 2":4,"Burning Blood":0},{"Golden Idol":10,"Mummified Hand":28,"Ornamental Fan":35,"Toxic Egg 2":22,"Burning Blood":0}],"Burning Blood":48},"card_choices":[{"not_picked":["Barricade","Juggernaut"],"picked":"Offering","floor":0.0},{"not_picked":["Iron Wave","Armaments"],"picked":"Clothesline","floor":1.0},{"not_picked":["Feel No Pain","Iron Wave"],"picked":"Body Slam","floor":2.0},{"not_picked":["Pommel Strike","Heavy Blade"],"picked":"Shrug It Off","floor":4.0},{"not_picked":["Hemokinesis","Wild Strike"],"picked":"Rage+1","floor":7.0},{"not_picked":["Clash","Rage+1"],"picked":"Infernal Blade+1","floor":8.0},{"not_picked":["Clash","Wild Strike"],"picked":"Reaper","floor":10.0},{"not_picked":["True Grit+1","Flex+1","Headbutt"],"picked":"SKIP","floor":12.0},{"not_picked":["Blood for Blood","Metallicize"],"picked":"Seeing Red+1","floor":14.0}],"player_experience":1035552,"relics_obtained":[{"floor":7.0,"key":"Toxic Egg 2"},{"floor":9.0,"key":"Mummified Hand"},{"floor":10.0,"key":"Ornamental Fan"}],"event_choices":[{"damage_healed":0.0,"max_hp_gain":0.0,"max_hp_loss":7.0,"gold_gain":0.0,"event_name":"Golden Idol","player_choice":"Lose Max HP","floor":3.0,"gold_loss":0.0,"damage_taken":0.0,"relics_obtained":["Golden Idol"]},{"damage_healed":0.0,"max_hp_gain":0.0,"max_hp_loss":0.0,"gold_gain":0.0,"event_name":"Liars Game","player_choice":"Ignored","floor":5.0,"gold_loss":0.0,"damage_taken":0.0},{"damage_healed":0.0,"max_hp_gain":0.0,"max_hp_loss":0.0,"gold_gain":0.0,"cards_transformed":["Strike_R"],"event_name":"Transmorgrifier","player_choice":"Transformed","floor":11.0,"gold_loss":0.0,"damage_taken":0.0,"cards_obtained":["Dual Wield"]}],"is_beta":false,"boss_relics":[],"items_purged_floors":[],"is_endless":false,"potions_floor_spawned":[7,10,14],"killed_by":"Slime Boss","ascension_level":20}