{"gold_per_floor":[112,132,145,145,155,180,25,60,60,79,26,55,55,70,70,70],"floor_reached":16,"playtime":934,"items_purged":["Strike_R"],"score":244,"play_id":"2e69f22b-48ed-4039-b9fc-dbab59c6d681","local_time":"20220902004327","is_ascension_mode":true,"campfire_choices":[{"data":"Armaments","floor":13,"key":"SMITH"},{"data":"Disarm","floor":15,"key":"SMITH"}],"neow_cost":"NONE","seed_source_timestamp":44745079943263,"circlet_count":0,"master_deck":["AscendersBane","Strike_R","Strike_R","Strike_R","Defend_R","Defend_R","Defend_R","Defend_R","Bash","Cleave","Cleave","Armaments+1","Power Through","Twin Strike","Juggernaut","Feel No Pain","Seeing Red","Burning Pact","Shrug It Off","Disarm+1"],"relics":["Burning Blood","Art of War","MealTicket","Lantern","Sundial"],"potions_floor_usage":[6,8,12,16],"damage_taken":[{"damage":14,"enemies":"Jaw Worm","floor":1,"turns":5},{"damage":2,"enemies":"Cultist","floor":2,"turns":4},{"damage":10,"enemies":"2 Louse","floor":3,"turns":2},{"damage":6,"enemies":"Blue Slaver","floor":5,"turns":5},{"damage":30,"enemies":"3 Sentries","floor":6,"turns":10},{"damage":8,"enemies":"Lagavulin","floor":8,"turns":8},{"damage":17,"enemies":"Exordium Wildlife","floor":10,"turns":4},{"damage":49,"enemies":"Gremlin Nob","floor":12,"turns":5},{"damage":2,"enemies":"3 Louse","floor":14,"turns":3},{"damage":31,"enemies":"Hexaghost","floor":16,"turns":14}],"seed_played":"2501097216866471655","potions_obtained":[{"floor":2,"key":"FearPotion"},{"floor":3,"key":"BloodPotion"},{"floor":6,"key":"Energy Potion"},{"floor":14,"key":"ElixirPotion"}],"is_trial":false,"path_per_floor":["M","M","M","?","M","E","$","E","T","M","$","E","R","M","R","B"],"character_chosen":"IRONCLAD","items_purchased":["Feel No Pain","Shrug It Off"],"campfire_rested":0,"item_purchase_floors":[7,11],"current_hp_per_floor":[60,64,60,60,60,51,66,64,64,53,68,25,25,29,29,0],"gold":70,"neow_bonus":"RANDOM_COMMON_RELIC","is_prod":false,"is_daily":false,"chose_seed":false,"campfire_upgraded":2,"win_rate":0,"timestamp":1662104607,"path_taken":["M","M","M","?","?","E","?","E","T","M","$","E","R","M","R","BOSS"],"build_version":"2022-03-07","purchased_purges":1,"victory":false,"max_hp_per_floor":[75,75,75,75,75,75,75,75,75,75,75,75,75,75,75,75],"relic_stats":{"counters":[10,60],"Sundial":[2],"MealTicket":30,"Art of War":[7],"obtain_stats":[{"Lantern":8,"Sundial":12,"MealTicket":6,"Art of War":0,"Burning Blood":0},{"Lantern":6,"Sundial":8,"MealTicket":5,"Art of War":0,"Burning Blood":0},{"Lantern":34,"Sundial":43,"MealTicket":26,"Art of War":0,"Burning Blood":0}],"Burning Blood":54},"card_choices":[{"not_picked":["Sword Boomerang","Infernal Blade"],"picked":"Cleave","floor":1},{"not_picked":["Entrench","Body Slam"],"picked":"Cleave","floor":2},{"not_picked":["Body Slam","Metallicize"],"picked":"Armaments","floor":3},{"not_picked":["Body Slam","Iron Wave"],"picked":"Twin Strike","floor":5},{"not_picked":["Wild Strike","Rage"],"picked":"Juggernaut","floor":6},{"not_picked":["Sword Boomerang","Sentinel"],"picked":"Seeing Red","floor":8},{"not_picked":["Heavy Blade","Iron Wave"],"picked":"Burning Pact","floor":10},{"not_picked":["Cleave","Perfected Strike","Clash"],"picked":"SKIP","floor":12},{"not_picked":["Shrug It Off","Reckless Charge"],"picked":"Disarm","floor":14}],"player_experience":1151761,"relics_obtained":[{"floor":6,"key":"MealTicket"},{"floor":8,"key":"Lantern"},{"floor":12,"key":"Sundial"}],"event_choices":[{"damage_healed":0,"gold_gain":0,"cards_transformed":["Strike_R"],"player_choice":"Transformed","damage_taken":0,"max_hp_gain":0,"max_hp_loss":0,"event_name":"Transmorgrifier","floor":4,"gold_loss":0,"cards_obtained":["Power Through"]}],"is_beta":false,"boss_relics":[],"items_purged_floors":[7],"is_endless":false,"potions_floor_spawned":[2,3,6,14],"killed_by":"Hexaghost","ascension_level":20}