{"gold_per_floor":[110,110,53,71,36,36,84,128,128,144,144,158,191,216,216,314,314,332,382,407,407,86,126,24,62,62,105,105,105,144,160,160,253,253,266,266,166,166,190,221,255,276,276,276,314,314,245,270,270,270,270,270,270,19,50,50],"floor_reached":57,"playtime":6731,"items_purged":["Strike_R","Strike_R","Pain"],"score":3098,"play_id":"b7995132-e807-4a08-a414-558d837e9ee2","local_time":"20220930083833","is_ascension_mode":true,"campfire_choices":[{"data":"Carnage","floor":6.0,"key":"SMITH"},{"data":"Armaments","floor":11.0,"key":"SMITH"},{"data":"Immolate","floor":15.0,"key":"SMITH"},{"data":"Barricade","floor":29.0,"key":"SMITH"},{"data":"Dark Embrace","floor":32.0,"key":"SMITH"},{"data":"Berserk","floor":44.0,"key":"SMITH"},{"floor":49.0,"key":"RECALL"},{"data":"Feel No Pain","floor":53.0,"key":"SMITH"}],"neow_cost":"PERCENT_DAMAGE","seed_source_timestamp":0,"circlet_count":0,"master_deck":["AscendersBane","Defend_R","Defend_R","Defend_R","Defend_R","Bash","Armaments+1","Sword Boomerang","Carnage+1","Entrench","Juggernaut","Headbutt","Bloodletting","Immolate+1","Feed","Warcry+1","Bludgeon+1","Battle Trance+1","Second Wind+1","Power Through","Shrug It Off","Necronomicurse","Dark Embrace+1","Feel No Pain+1","Barricade+1","Shrug It Off","Seeing Red+1","Ghostly Armor","Pommel Strike+1","Berserk+1","Metallicize","Shockwave","Shrug It Off+1","Combust+1","Impervious","Burning Pact","Evolve"],"special_seed":0,"relics":["Burning Blood","Prayer Wheel","Golden Idol","Ancient Tea Set","The Courier","Mummified Hand","Anchor","Astrolabe","Necronomicon","Happy Flower","Molten Egg 2","WingedGreaves","Self Forming Clay","Bottled Tornado","Eternal Feather","Coffee Dripper","WarpedTongs","TungstenRod","Bottled Flame","Lizard Tail","Darkstone Periapt","Medical Kit","Nunchaku"],"potions_floor_usage":[55,56],"damage_taken":[{"damage":7.0,"enemies":"2 Louse","floor":1.0,"turns":5.0},{"damage":2.0,"enemies":"Jaw Worm","floor":4.0,"turns":6.0},{"damage":22.0,"enemies":"Lagavulin","floor":8.0,"turns":7.0},{"damage":11.0,"enemies":"Cultist","floor":10.0,"turns":4.0},{"damage":1.0,"enemies":"Exordium Thugs","floor":12.0,"turns":3.0},{"damage":32.0,"enemies":"Gremlin Nob","floor":13.0,"turns":4.0},{"damage":0.0,"enemies":"Exordium Wildlife","floor":14.0,"turns":3.0},{"damage":26.0,"enemies":"Slime Boss","floor":16.0,"turns":8.0},{"damage":12.0,"enemies":"3 Byrds","floor":18.0,"turns":5.0},{"damage":4.0,"enemies":"Chosen","floor":20.0,"turns":6.0},{"damage":0.0,"enemies":"Slavers","floor":23.0,"turns":3.0},{"damage":0.0,"enemies":"Book of Stabbing","floor":25.0,"turns":3.0},{"damage":17.0,"enemies":"Gremlin Leader","floor":27.0,"turns":6.0},{"damage":20.0,"enemies":"Slavers","floor":30.0,"turns":5.0},{"damage":0.0,"enemies":"Centurion and Healer","floor":31.0,"turns":7.0},{"damage":4.0,"enemies":"Automaton","floor":33.0,"turns":10.0},{"damage":0.0,"enemies":"3 Shapes","floor":35.0,"turns":1.0},{"damage":0.0,"enemies":"3 Darklings","floor":39.0,"turns":4.0},{"damage":0.0,"enemies":"Nemesis","floor":40.0,"turns":9.0},{"damage":0.0,"enemies":"Reptomancer","floor":41.0,"turns":3.0},{"damage":0.0,"enemies":"Spire Growth","floor":42.0,"turns":6.0},{"damage":5.0,"enemies":"Nemesis","floor":45.0,"turns":9.0},{"damage":2.0,"enemies":"Writhing Mass","floor":48.0,"turns":6.0},{"damage":50.0,"enemies":"Awakened One","floor":50.0,"turns":14.0},{"damage":2.0,"enemies":"Donu and Deca","floor":51.0,"turns":9.0},{"damage":24,"enemies":"Shield and Spear","floor":55,"turns":8},{"damage":31,"enemies":"The Heart","floor":56,"turns":9}],"seed_played":"1682194845635650803","potions_obtained":[{"floor":1.0,"key":"EssenceOfSteel"},{"floor":10.0,"key":"Explosive Potion"},{"floor":18.0,"key":"DistilledChaos"},{"floor":20.0,"key":"Fire Potion"},{"floor":23.0,"key":"PowerPotion"},{"floor":30.0,"key":"DuplicationPotion"},{"floor":35.0,"key":"Fire Potion"},{"floor":41.0,"key":"Dexterity Potion"},{"floor":48.0,"key":"DuplicationPotion"}],"is_trial":false,"path_per_floor":["M","?","$","M","?","R","T","E","T","M","R","M","E","M","R","B",null,"M","?","M","?","$","E","$","E","T","E","?","R","E","M","R","B",null,"M","?","$","T","M","E","E","M","T","R","E","?","$","M","R","B","B",null,"R","$","E","B",null],"character_chosen":"IRONCLAD","items_purchased":["Sword Boomerang","Happy Flower","Dark Embrace","Feel No Pain","Shrug It Off","Impervious","Burning Pact","Evolve","Medical Kit"],"campfire_rested":0,"item_purchase_floors":[3,22,22,22,24,47,54,54,54],"current_hp_per_floor":[49,49,49,53,68,68,68,52,52,47,47,52,26,32,32,12,54,51,51,56,35,35,44,44,50,50,39,77,77,63,73,81,85,85,85,85,85,85,85,85,85,88,88,88,88,84,84,88,88,44,52,82,92,92,78,53],"gold":50,"neow_bonus":"ONE_RARE_RELIC","is_prod":false,"is_daily":false,"chose_seed":false,"campfire_upgraded":7,"win_rate":0,"timestamp":1664552313,"path_taken":["M","?","$","M","?","R","?","E","T","M","R","M","E","M","R","BOSS","M","?","M","?","$","E","?","E","T","E","?","R","E","M","R","BOSS","M","?","$","?","?","E","E","M","T","R","E","?","$","M","R","BOSS","BOSS","R","$","E","BOSS"],"build_version":"2022-03-07","purchased_purges":3,"victory":true,"max_hp_per_floor":[75,68,68,68,68,68,68,68,68,68,68,68,68,68,68,68,68,71,71,74,74,74,77,77,77,77,77,77,77,77,81,81,85,85,85,85,85,85,85,85,85,88,88,88,88,88,88,88,88,88,92,92,92,92,96,96],"relic_stats":{"Darkstone Periapt":0,"Happy Flower":[37],"counters":[27,163],"Golden Idol":216,"Self Forming Clay":[102],"Astrolabe":["Warcry","Bludgeon","Battle Trance"],"Eternal Feather":18,"The Courier":213,"Bottled Tornado":"Barricade","Ancient Tea Set":[14],"Medical Kit":[20],"Burning Blood":129,"WarpedTongs":[69],"Bottled Flame":"Immolate","Lizard Tail":0,"Nunchaku":[1],"Mummified Hand":[99],"Prayer Wheel":13,"WingedGreaves":3,"Necronomicon":[56],"obtain_stats":[{"Darkstone Periapt":45,"Happy Flower":22,"Golden Idol":2,"Self Forming Clay":26,"Astrolabe":17,"Eternal Feather":30,"The Courier":8,"Bottled Tornado":27,"Ancient Tea Set":7,"Medical Kit":54,"Burning Blood":0,"WarpedTongs":36,"Anchor":13,"Bottled Flame":40,"Lizard Tail":41,"Nunchaku":55,"Mummified Hand":9,"Prayer Wheel":0,"Molten Egg 2":23,"WingedGreaves":25,"Necronomicon":21,"Coffee Dripper":34,"TungstenRod":38},{"Darkstone Periapt":22,"Happy Flower":10,"Golden Idol":1,"Self Forming Clay":12,"Astrolabe":8,"Eternal Feather":14,"The Courier":3,"Bottled Tornado":13,"Ancient Tea Set":2,"Medical Kit":25,"Burning Blood":0,"WarpedTongs":17,"Anchor":6,"Bottled Flame":19,"Lizard Tail":20,"Nunchaku":26,"Mummified Hand":3,"Prayer Wheel":0,"Molten Egg 2":11,"WingedGreaves":12,"Necronomicon":10,"Coffee Dripper":16,"TungstenRod":17},{"Darkstone Periapt":117,"Happy Flower":51,"Golden Idol":5,"Self Forming Clay":57,"Astrolabe":40,"Eternal Feather":68,"The Courier":18,"Bottled Tornado":63,"Ancient Tea Set":11,"Medical Kit":146,"Burning Blood":0,"WarpedTongs":86,"Anchor":29,"Bottled Flame":99,"Lizard Tail":102,"Nunchaku":154,"Mummified Hand":18,"Prayer Wheel":0,"Molten Egg 2":54,"WingedGreaves":57,"Necronomicon":51,"Coffee Dripper":85,"TungstenRod":86}],"TungstenRod":55},"card_choices":[{"not_picked":["Sword Boomerang","Flex"],"picked":"Armaments","floor":1.0},{"not_picked":["Seeing Red","Body Slam","Wild Strike"],"picked":"SKIP","floor":1.0},{"not_picked":["Heavy Blade","Clothesline"],"picked":"Carnage","floor":4.0},{"not_picked":["Clothesline","Havoc"],"picked":"Entrench","floor":4.0},{"not_picked":["Sentinel","Searing Blow","Infernal Blade"],"picked":"SKIP","floor":8.0},{"not_picked":["Anger","Clash"],"picked":"Juggernaut","floor":10.0},{"not_picked":["Twin Strike","Cleave"],"picked":"Headbutt","floor":10.0},{"not_picked":["Anger","Sever Soul"],"picked":"Bloodletting","floor":12.0},{"not_picked":["Thunderclap","Pummel","Wild Strike"],"picked":"SKIP","floor":12.0},{"not_picked":["Infernal Blade","Rampage"],"picked":"Carnage","floor":13.0},{"not_picked":["Dropkick","Combust"],"picked":"Immolate","floor":14.0},{"not_picked":["Flex","Armaments","Thunderclap"],"picked":"SKIP","floor":14.0},{"not_picked":["Brutality","Limit Break"],"picked":"Feed","floor":16.0},{"not_picked":["Fire Breathing","Spot Weakness"],"picked":"Second Wind+1","floor":18.0},{"not_picked":["Sword Boomerang","Anger"],"picked":"Power Through","floor":18.0},{"not_picked":["Thunderclap","Second Wind"],"picked":"Shrug It Off","floor":20.0},{"not_picked":["Twin Strike","Warcry","Pommel Strike"],"picked":"SKIP","floor":20.0},{"not_picked":["Anger+1","Flame Barrier+1"],"picked":"Barricade","floor":23.0},{"not_picked":["Shrug It Off","Armaments"],"picked":"Seeing Red+1","floor":25.0},{"not_picked":["Dropkick+1","Wild Strike+1","Flex+1"],"picked":"SKIP","floor":27.0},{"not_picked":["Bludgeon+1","Sever Soul+1"],"picked":"Ghostly Armor","floor":30.0},{"not_picked":["Havoc","Hemokinesis+1","Perfected Strike+1"],"picked":"SKIP","floor":31.0},{"not_picked":["Pommel Strike+1","Fire Breathing","Anger+1"],"picked":"SKIP","floor":31.0},{"not_picked":["Fire Breathing","Anger+1"],"picked":"Pommel Strike+1","floor":31.0},{"not_picked":["Havoc","Hemokinesis+1","Perfected Strike+1"],"picked":"SKIP","floor":31.0},{"not_picked":["Bludgeon+1","Double Tap"],"picked":"Berserk","floor":33.0},{"not_picked":["Flex","Clash+1","Hemokinesis+1"],"picked":"SKIP","floor":35.0},{"not_picked":["Perfected Strike+1","Whirlwind+1","Anger+1"],"picked":"SKIP","floor":35.0},{"not_picked":["Inflame","Limit Break"],"picked":"Metallicize","floor":39.0},{"not_picked":["True Grit","Anger+1","Rage"],"picked":"SKIP","floor":39.0},{"not_picked":["Reckless Charge+1","Inflame"],"picked":"Shockwave","floor":40.0},{"not_picked":["Pummel+1","True Grit"],"picked":"Shrug It Off+1","floor":41.0},{"not_picked":["Sword Boomerang+1","Entrench","Bloodletting+1"],"picked":"SKIP","floor":42.0},{"not_picked":["Clothesline+1","Sentinel","Headbutt+1"],"picked":"SKIP","floor":42.0},{"not_picked":["Demon Form","Perfected Strike+1"],"picked":"Combust+1","floor":45.0},{"not_picked":["Reckless Charge+1","Anger+1","Twin Strike+1"],"picked":"SKIP","floor":48.0},{"not_picked":["Dropkick+1","Dark Embrace+1","Spot Weakness"],"picked":"SKIP","floor":48.0},{"not_picked":["Shrug It Off","Clothesline+1","Intimidate"],"picked":"SKIP","floor":55}],"player_experience":1240177,"relics_obtained":[{"floor":7.0,"key":"Ancient Tea Set"},{"floor":8.0,"key":"The Courier"},{"floor":9.0,"key":"Mummified Hand"},{"floor":13.0,"key":"Anchor"},{"floor":21.0,"key":"Necronomicon"},{"floor":23.0,"key":"Molten Egg 2"},{"floor":25.0,"key":"WingedGreaves"},{"floor":26.0,"key":"Self Forming Clay"},{"floor":27.0,"key":"Bottled Tornado"},{"floor":30.0,"key":"Eternal Feather"},{"floor":38.0,"key":"TungstenRod"},{"floor":40.0,"key":"Bottled Flame"},{"floor":41.0,"key":"Lizard Tail"},{"floor":45.0,"key":"Darkstone Periapt"},{"floor":55,"key":"Nunchaku"}],"event_choices":[{"damage_healed":0.0,"max_hp_gain":0.0,"max_hp_loss":7.0,"gold_gain":0.0,"event_name":"Golden Idol","player_choice":"Lose Max HP","floor":2.0,"gold_loss":0.0,"damage_taken":0.0,"relics_obtained":["Golden Idol"]},{"damage_healed":17.0,"max_hp_gain":0.0,"max_hp_loss":0.0,"gold_gain":0.0,"event_name":"The Cleric","player_choice":"Healed","floor":5.0,"gold_loss":35.0,"damage_taken":0.0},{"damage_healed":0.0,"max_hp_gain":0.0,"max_hp_loss":0.0,"gold_gain":50.0,"event_name":"Nest","player_choice":"Stole From Cult","floor":19.0,"gold_loss":0.0,"damage_taken":0.0},{"damage_healed":0.0,"max_hp_gain":0.0,"max_hp_loss":0.0,"gold_gain":0.0,"event_name":"Cursed Tome","player_choice":"Obtained Book","floor":21.0,"gold_loss":0.0,"damage_taken":21.0},{"cards_removed":["Carnage"],"damage_healed":38.0,"max_hp_gain":0.0,"max_hp_loss":0.0,"gold_gain":0.0,"event_name":"Bonfire Elementals","player_choice":"Offered Uncommon","floor":28.0,"gold_loss":0.0,"damage_taken":0.0},{"damage_healed":0.0,"max_hp_gain":0.0,"max_hp_loss":0.0,"gold_gain":0.0,"event_name":"Accursed Blacksmith","player_choice":"Rummage","floor":36.0,"gold_loss":0.0,"damage_taken":0.0,"relics_obtained":["WarpedTongs"],"cards_obtained":["Pain"]},{"damage_healed":0.0,"max_hp_gain":0.0,"max_hp_loss":0.0,"gold_gain":0.0,"event_name":"The Woman in Blue","player_choice":"Bought 0 Potions","floor":46.0,"gold_loss":0.0,"damage_taken":0.0}],"is_beta":false,"boss_relics":[{"not_picked":["Calling Bell","Black Blood"],"picked":"Astrolabe"},{"not_picked":["Runic Dome","Sozu"],"picked":"Coffee Dripper"}],"items_purged_floors":[22,24,37],"is_endless":false,"potions_floor_spawned":[1,10,12,18,20,23,30,31,35,41,42,48],"ascension_level":20}