{"gold_per_floor":[368,378,100,175,190,190,217,217,242,242,285,112,112,12,12,106,106,125,140,65,65,81,81,117,117,117,133,133],"floor_reached":28,"playtime":1558,"items_purged":["Decay","Strike_R"],"score":488,"play_id":"f6cb522c-8a7a-4efb-a737-5e27fd64e803","local_time":"20221002031715","is_ascension_mode":true,"campfire_choices":[{"data":"Armaments","floor":6.0,"key":"SMITH"},{"data":"Immolate","floor":8.0,"key":"SMITH"},{"data":"Body Slam","floor":13.0,"key":"SMITH"},{"data":"Flame Barrier","floor":15.0,"key":"SMITH"},{"data":"Barricade","floor":23.0,"key":"SMITH"},{"floor":25.0,"key":"REST"}],"neow_cost":"CURSE","seed_source_timestamp":602700834178526,"circlet_count":0,"master_deck":["AscendersBane","Bash","Whirlwind","Armaments+1","Immolate+1","Shrug It Off","Bloodletting","Feed","Ghostly Armor","Flame Barrier+1","Body Slam+1","Power Through","Intimidate","Barricade+1","Burning Pact","Feel No Pain","Perfected Strike","Exhume","Sentinel","Evolve","Pummel","Flame Barrier","RitualDagger","Dark Embrace","Headbutt"],"special_seed":0,"relics":["Burning Blood","Omamori","Happy Flower","Golden Idol","Paper Frog","Orrery","Pandora\u0027s Box","Kunai","Question Card"],"potions_floor_usage":[],"damage_taken":[{"damage":17.0,"enemies":"Small Slimes","floor":1.0,"turns":4.0},{"damage":20.0,"enemies":"Jaw Worm","floor":2.0,"turns":5.0},{"damage":0.0,"enemies":"Cultist","floor":5.0,"turns":3.0},{"damage":10.0,"enemies":"3 Sentries","floor":7.0,"turns":3.0},{"damage":10.0,"enemies":"Gremlin Nob","floor":11.0,"turns":3.0},{"damage":19.0,"enemies":"Hexaghost","floor":16.0,"turns":8.0},{"damage":4.0,"enemies":"3 Byrds","floor":18.0,"turns":5.0},{"damage":18.0,"enemies":"Shell Parasite","floor":19.0,"turns":10.0},{"damage":18.0,"enemies":"Centurion and Healer","floor":22.0,"turns":9.0},{"damage":30.0,"enemies":"Book of Stabbing","floor":24.0,"turns":5.0},{"damage":4.0,"enemies":"3 Cultists","floor":27.0,"turns":3.0},{"damage":49,"enemies":"Slavers","floor":28,"turns":4}],"seed_played":"7048350157908129327","potions_obtained":[{"floor":2.0,"key":"Fire Potion"},{"floor":5.0,"key":"PowerPotion"},{"floor":11.0,"key":"GamblersBrew"},{"floor":19.0,"key":"DuplicationPotion"},{"floor":22.0,"key":"Swift Potion"}],"is_trial":false,"path_per_floor":["M","M","$","?","M","R","E","R","T","?","E","$","R","$","R","B",null,"M","M","?","?","M","R","E","R","T","M","E"],"character_chosen":"IRONCLAD","items_purchased":["Immolate","Shrug It Off","Orrery"],"campfire_rested":1,"item_purchase_floors":[3,3,12],"current_hp_per_floor":[57,43,43,32,38,38,34,34,34,34,30,30,30,30,30,17,61,63,54,54,48,36,36,16,40,40,42,0],"gold":133,"neow_bonus":"TWO_FIFTY_GOLD","is_prod":false,"is_daily":false,"chose_seed":false,"campfire_upgraded":5,"win_rate":0,"timestamp":1664705835,"path_taken":["M","M","$","?","M","R","E","R","T","?","E","?","R","$","R","BOSS","M","M","?","?","M","R","E","R","T","M","E"],"build_version":"2022-03-07","purchased_purges":2,"victory":false,"max_hp_per_floor":[75,75,75,75,75,75,75,75,75,75,75,75,75,75,75,75,75,75,78,78,78,78,78,82,82,82,82,82],"relic_stats":{"Happy Flower":[15],"counters":[12,62],"Golden Idol":48,"Pandora\u0027s Box":["Clash","Burning Pact","Feel No Pain","Perfected Strike","Exhume","Sentinel","Evolve","Pummel"],"Omamori":1,"Kunai":[2],"Question Card":1,"obtain_stats":[{"Happy Flower":9,"Golden Idol":10,"Orrery":12,"Pandora\u0027s Box":17,"Omamori":7,"Kunai":24,"Question Card":26,"Burning Blood":0,"Paper Frog":11},{"Happy Flower":4,"Golden Idol":4,"Orrery":5,"Pandora\u0027s Box":6,"Omamori":4,"Kunai":10,"Question Card":10,"Burning Blood":0,"Paper Frog":5},{"Happy Flower":15,"Golden Idol":15,"Orrery":18,"Pandora\u0027s Box":26,"Omamori":15,"Kunai":55,"Question Card":55,"Burning Blood":0,"Paper Frog":18}],"Burning Blood":66},"card_choices":[{"not_picked":["Rage","Seeing Red"],"picked":"Whirlwind","floor":1.0},{"not_picked":["Perfected Strike","Iron Wave"],"picked":"Armaments","floor":2.0},{"not_picked":["Armaments","Pummel"],"picked":"Bloodletting","floor":5.0},{"not_picked":["Entrench","Pummel"],"picked":"Feed","floor":7.0},{"not_picked":["Seeing Red","Whirlwind"],"picked":"Ghostly Armor","floor":11.0},{"not_picked":["Flex","Hemokinesis"],"picked":"Flame Barrier","floor":12.0},{"not_picked":["Thunderclap","Cleave"],"picked":"Body Slam","floor":12.0},{"not_picked":["Hemokinesis","Brutality"],"picked":"Power Through","floor":12.0},{"not_picked":["Flex","Thunderclap"],"picked":"Intimidate","floor":12.0},{"not_picked":["Corruption","Berserk"],"picked":"Barricade","floor":16.0},{"not_picked":["Flex","Cleave+1"],"picked":"Flame Barrier","floor":18.0},{"not_picked":["Sword Boomerang+1","Heavy Blade","Rupture"],"picked":"SKIP","floor":19.0},{"not_picked":["Perfected Strike","Clash","Clothesline+1"],"picked":"SKIP","floor":22.0},{"not_picked":["Havoc","Intimidate"],"picked":"Dark Embrace","floor":24.0},{"not_picked":["Thunderclap","Pommel Strike","Combust"],"picked":"Headbutt","floor":27.0}],"player_experience":1259093,"relics_obtained":[{"floor":7.0,"key":"Omamori"},{"floor":9.0,"key":"Happy Flower"},{"floor":11.0,"key":"Paper Frog"},{"floor":24.0,"key":"Kunai"},{"floor":26.0,"key":"Question Card"}],"event_choices":[{"damage_healed":0.0,"max_hp_gain":0.0,"max_hp_loss":0.0,"gold_gain":75.0,"event_name":"World of Goop","player_choice":"Gather Gold","floor":4.0,"gold_loss":0.0,"damage_taken":11.0},{"damage_healed":0.0,"max_hp_gain":0.0,"max_hp_loss":0.0,"gold_gain":0.0,"event_name":"Golden Idol","player_choice":"Take Wound","floor":10.0,"gold_loss":0.0,"damage_taken":0.0,"relics_obtained":["Golden Idol"],"cards_obtained":["Injury"]},{"cards_removed":["Clash"],"damage_healed":0.0,"max_hp_gain":0.0,"max_hp_loss":0.0,"gold_gain":0.0,"event_name":"Beggar","player_choice":"Gave Gold","floor":20.0,"gold_loss":75.0,"damage_taken":0.0},{"damage_healed":0.0,"max_hp_gain":0.0,"max_hp_loss":0.0,"gold_gain":0.0,"event_name":"Nest","player_choice":"Joined the Cult","floor":21.0,"gold_loss":0.0,"damage_taken":6.0,"cards_obtained":["RitualDagger"]}],"is_beta":false,"boss_relics":[{"not_picked":["Cursed Key","Philosopher\u0027s Stone"],"picked":"Pandora\u0027s Box"}],"items_purged_floors":[3,14],"is_endless":false,"potions_floor_spawned":[2,5,11,19,22],"killed_by":"Slavers","ascension_level":20}