{"gold_per_floor":[14,24,36,51,61,61,86,86,86,100,135,135,161,176,176,251,251,262,262,108,23,36,69,79,79,79,79,105,105,130,155,155,232,232,250,250,300,78,78,113,129,160,160,185,185,218,218,237,237,237,237,237,237,3,30,30],"floor_reached":57,"playtime":4038,"items_purged":["Strike_R","Shame","Pain"],"score":2932,"play_id":"cad62937-1d2f-42c8-a738-0460d54f65e0","local_time":"20221013155150","is_ascension_mode":true,"campfire_choices":[{"data":"Body Slam","floor":6.0,"key":"SMITH"},{"data":"Pommel Strike","floor":8.0,"key":"SMITH"},{"data":"Carnage","floor":12.0,"key":"SMITH"},{"data":"Bash","floor":15.0,"key":"SMITH"},{"floor":25.0,"key":"REST"},{"data":"Impervious","floor":32.0,"key":"SMITH"},{"data":"Feel No Pain","floor":45.0,"key":"SMITH"},{"floor":49.0,"key":"RECALL"},{"data":"Juggernaut","floor":53.0,"key":"SMITH"}],"neow_cost":"NO_GOLD","seed_source_timestamp":0,"circlet_count":0,"master_deck":["AscendersBane","Bash+1","Impervious+1","Pommel Strike+1","Body Slam+1","Pommel Strike","Shrug It Off","Shrug It Off","Carnage+1","Feel No Pain+1","Fiend Fire+1","Cleave+1","Juggernaut+1","Dropkick+1","Body Slam+1","Shrug It Off","Uppercut+1","Dark Embrace+1","Bloodletting","Metallicize+1","Corruption+1","Feed+1","Fire Breathing+1","Fire Breathing+1","Power Through","Seeing Red","Thunderclap+1","Combust+1","Headbutt+1","Shockwave","Shockwave+1","Disarm+1","True Grit+1","Shrug It Off","Power Through+1","Sentinel","Fiend Fire+1","Pommel Strike+1","Power Through+1"],"special_seed":0,"relics":["Burning Blood","Letter Opener","TungstenRod","Molten Egg 2","Champion Belt","Cursed Key","Enchiridion","Blood Vial","Frozen Egg 2","Gambling Chip","Darkstone Periapt","Bottled Flame","Pandora\u0027s Box","Magic Flower","Membership Card","Ancient Tea Set","Bronze Scales","Turnip","Gremlin Horn","Orichalcum"],"potions_floor_usage":[56,56],"damage_taken":[{"damage":7.0,"enemies":"Cultist","floor":1.0,"turns":4.0},{"damage":0.0,"enemies":"2 Louse","floor":2.0,"turns":3.0},{"damage":2.0,"enemies":"Jaw Worm","floor":3.0,"turns":5.0},{"damage":12.0,"enemies":"2 Fungi Beasts","floor":4.0,"turns":4.0},{"damage":7.0,"enemies":"Looter","floor":5.0,"turns":5.0},{"damage":35.0,"enemies":"Lagavulin","floor":7.0,"turns":6.0},{"damage":7.0,"enemies":"3 Louse","floor":10.0,"turns":4.0},{"damage":7.0,"enemies":"Gremlin Nob","floor":11.0,"turns":3.0},{"damage":1.0,"enemies":"Lagavulin","floor":13.0,"turns":6.0},{"damage":10.0,"enemies":"Large Slime","floor":14.0,"turns":5.0},{"damage":45.0,"enemies":"Hexaghost","floor":16.0,"turns":11.0},{"damage":0.0,"enemies":"Chosen","floor":18.0,"turns":3.0},{"damage":1.0,"enemies":"2 Thieves","floor":22.0,"turns":4.0},{"damage":29.0,"enemies":"Gremlin Leader","floor":23.0,"turns":5.0},{"damage":24.0,"enemies":"Shelled Parasite and Fungi","floor":24.0,"turns":4.0},{"damage":4.0,"enemies":"Slavers","floor":28.0,"turns":4.0},{"damage":1.0,"enemies":"Book of Stabbing","floor":31.0,"turns":4.0},{"damage":14.0,"enemies":"Champ","floor":33.0,"turns":8.0},{"damage":0.0,"enemies":"Orb Walker","floor":35.0,"turns":2.0},{"damage":39.0,"enemies":"2 Orb Walkers","floor":37.0,"turns":6.0},{"damage":0.0,"enemies":"Nemesis","floor":40.0,"turns":5.0},{"damage":0.0,"enemies":"3 Shapes","floor":41.0,"turns":2.0},{"damage":54.0,"enemies":"Reptomancer","floor":42.0,"turns":8.0},{"damage":2.0,"enemies":"Mind Bloom Boss Battle","floor":44.0,"turns":6.0},{"damage":14.0,"enemies":"Giant Head","floor":46.0,"turns":7.0},{"damage":2.0,"enemies":"3 Darklings","floor":48.0,"turns":4.0},{"damage":2.0,"enemies":"Time Eater","floor":50.0,"turns":9.0},{"damage":48.0,"enemies":"Donu and Deca","floor":51.0,"turns":6.0},{"damage":22,"enemies":"Shield and Spear","floor":55,"turns":7},{"damage":26,"enemies":"The Heart","floor":56,"turns":7}],"seed_played":"-7282434759431243725","potions_obtained":[{"floor":3.0,"key":"BloodPotion"},{"floor":10.0,"key":"AttackPotion"},{"floor":11.0,"key":"Block Potion"},{"floor":14.0,"key":"ElixirPotion"},{"floor":16.0,"key":"SteroidPotion"},{"floor":22.0,"key":"SteroidPotion"},{"floor":28.0,"key":"Energy Potion"},{"floor":33.0,"key":"Dexterity Potion"},{"floor":42.0,"key":"PowerPotion"},{"floor":46.0,"key":"FearPotion"},{"floor":48.0,"key":"Energy Potion"}],"is_trial":false,"path_per_floor":["M","M","M","M","M","R","E","R","T","M","E","R","E","M","R","B",null,"M","?","$","?","M","E","M","R","T","$","E","?","T","E","R","B",null,"M","?","?","$","T","E","M","E","T","?","R","E","?","M","R","B","B",null,"R","$","E","B",null],"character_chosen":"IRONCLAD","items_purchased":["Body Slam+1","Shrug It Off","Membership Card","HeartOfIron","Fiend Fire+1","Pommel Strike+1"],"campfire_rested":1,"item_purchase_floors":[20,20,38,54,54,54],"current_hp_per_floor":[67,73,75,69,68,68,39,39,39,38,52,52,57,53,53,14,60,66,49,49,49,56,35,19,41,41,41,45,45,51,58,58,52,74,81,77,44,44,44,62,80,44,44,54,54,52,52,62,62,72,36,76,76,76,66,52],"gold":30,"neow_bonus":"THREE_RARE_CARDS","is_prod":false,"is_daily":false,"chose_seed":false,"campfire_upgraded":7,"win_rate":0,"timestamp":1665701510,"path_taken":["M","M","M","M","M","R","E","R","T","?","E","R","E","M","R","BOSS","M","?","$","?","M","E","M","R","T","?","E","?","?","E","R","BOSS","BOSS","M","?","?","$","?","E","?","E","T","?","R","E","?","M","R","BOSS","BOSS","R","$","E","BOSS"],"build_version":"2022-10-04","purchased_purges":3,"victory":true,"max_hp_per_floor":[75,75,75,75,75,75,75,75,75,75,75,75,75,75,75,75,75,75,75,75,75,75,75,75,75,75,75,75,75,81,81,81,81,81,81,77,77,77,77,81,85,89,89,89,89,89,89,89,89,89,89,89,89,89,89,89],"relic_stats":{"Darkstone Periapt":6,"Gremlin Horn":[5,5],"counters":[30,157],"Magic Flower":[46],"Letter Opener":[160],"Orichalcum":[6],"Cursed Key":2,"Ancient Tea Set":[6],"Burning Blood":207,"Blood Vial":44,"Bottled Flame":"Pommel Strike","Gambling Chip":[30],"Bronze Scales":[234],"Pandora\u0027s Box":["Fire Breathing","Fire Breathing","Power Through","Seeing Red","Thunderclap","Combust","Headbutt","Clothesline"],"Turnip":[4],"Champion Belt":[56],"Membership Card":282,"obtain_stats":[{"Darkstone Periapt":28,"Gremlin Horn":46,"Enchiridion":19,"Magic Flower":37,"Letter Opener":7,"Frozen Egg 2":23,"Orichalcum":55,"Cursed Key":17,"Ancient Tea Set":40,"Burning Blood":0,"Blood Vial":21,"Bottled Flame":31,"Gambling Chip":26,"Bronze Scales":42,"Molten Egg 2":11,"Pandora\u0027s Box":34,"Turnip":44,"Champion Belt":13,"Membership Card":38,"TungstenRod":9},{"Darkstone Periapt":16,"Gremlin Horn":25,"Enchiridion":12,"Magic Flower":20,"Letter Opener":6,"Frozen Egg 2":14,"Orichalcum":29,"Cursed Key":11,"Ancient Tea Set":21,"Burning Blood":0,"Blood Vial":12,"Bottled Flame":17,"Gambling Chip":15,"Bronze Scales":23,"Molten Egg 2":8,"Pandora\u0027s Box":18,"Turnip":24,"Champion Belt":9,"Membership Card":20,"TungstenRod":6},{"Darkstone Periapt":76,"Gremlin Horn":124,"Enchiridion":59,"Magic Flower":96,"Letter Opener":27,"Frozen Egg 2":68,"Orichalcum":150,"Cursed Key":56,"Ancient Tea Set":101,"Burning Blood":0,"Blood Vial":59,"Bottled Flame":80,"Gambling Chip":72,"Bronze Scales":111,"Molten Egg 2":34,"Pandora\u0027s Box":88,"Turnip":117,"Champion Belt":40,"Membership Card":96,"TungstenRod":27}],"TungstenRod":172},"card_choices":[{"not_picked":["Juggernaut","Demon Form"],"picked":"Impervious","floor":0.0},{"not_picked":["Shrug It Off","Dual Wield"],"picked":"Pommel Strike","floor":1.0},{"not_picked":["Wild Strike","Rupture"],"picked":"Body Slam","floor":2.0},{"not_picked":["Rupture","Rage"],"picked":"Pommel Strike","floor":3.0},{"not_picked":["True Grit","Havoc"],"picked":"Shrug It Off","floor":4.0},{"not_picked":["Infernal Blade","Iron Wave","Dark Embrace"],"picked":"SKIP","floor":5.0},{"not_picked":["True Grit","Burning Pact"],"picked":"Shrug It Off","floor":7.0},{"not_picked":["Thunderclap","Body Slam"],"picked":"Carnage","floor":10.0},{"not_picked":["Sentinel","Clothesline+1"],"picked":"Feel No Pain","floor":11.0},{"not_picked":["Evolve","Inflame"],"picked":"Fiend Fire+1","floor":13.0},{"not_picked":["Reckless Charge+1","Wild Strike+1"],"picked":"Cleave+1","floor":14.0},{"not_picked":["Impervious","Limit Break"],"picked":"Juggernaut","floor":16.0},{"not_picked":["Carnage+1","Shrug It Off"],"picked":"Dropkick+1","floor":18.0},{"not_picked":["Carnage+1","Pommel Strike+1"],"picked":"Uppercut+1","floor":22.0},{"not_picked":["Flex","Clothesline+1"],"picked":"Dark Embrace+1","floor":23.0},{"not_picked":["Armaments+1","Infernal Blade"],"picked":"Bloodletting","floor":24.0},{"not_picked":["Sword Boomerang+1","Power Through"],"picked":"Metallicize+1","floor":28.0},{"not_picked":["Uppercut+1","True Grit","Sword Boomerang+1"],"picked":"SKIP","floor":31.0},{"not_picked":["Juggernaut+1","Corruption+1"],"picked":"Feed+1","floor":33.0},{"not_picked":["Anger+1","True Grit"],"picked":"Shockwave","floor":35.0},{"not_picked":["Warcry+1","Searing Blow+1"],"picked":"Shockwave+1","floor":37.0},{"not_picked":["Perfected Strike+1","Uppercut+1"],"picked":"Disarm+1","floor":40.0},{"not_picked":["Thunderclap+1","Perfected Strike+1"],"picked":"True Grit+1","floor":41.0},{"not_picked":["Burning Pact","Body Slam+1"],"picked":"Shrug It Off","floor":42.0},{"not_picked":["Berserk+1","Sever Soul+1"],"picked":"Power Through+1","floor":44.0},{"not_picked":["Twin Strike+1","Infernal Blade+1","Heavy Blade+1"],"picked":"SKIP","floor":46.0},{"not_picked":["Whirlwind+1","Headbutt+1"],"picked":"Sentinel","floor":48.0},{"not_picked":["Havoc","Spot Weakness"],"picked":"Power Through+1","floor":55}],"player_experience":1295359,"relics_obtained":[{"floor":7.0,"key":"Letter Opener"},{"floor":9.0,"key":"TungstenRod"},{"floor":11.0,"key":"Molten Egg 2"},{"floor":13.0,"key":"Champion Belt"},{"floor":19.0,"key":"Enchiridion"},{"floor":23.0,"key":"Frozen Egg 2"},{"floor":26.0,"key":"Gambling Chip"},{"floor":28.0,"key":"Darkstone Periapt"},{"floor":31.0,"key":"Bottled Flame"},{"floor":37.0,"key":"Magic Flower"},{"floor":40.0,"key":"Ancient Tea Set"},{"floor":42.0,"key":"Bronze Scales"},{"floor":44.0,"key":"Turnip"},{"floor":46.0,"key":"Gremlin Horn"},{"floor":55,"key":"Orichalcum"}],"event_choices":[{"damage_healed":0.0,"max_hp_gain":0.0,"max_hp_loss":0.0,"gold_gain":0.0,"event_name":"Cursed Tome","player_choice":"Obtained Book","floor":19.0,"gold_loss":0.0,"damage_taken":21.0},{"damage_healed":0.0,"max_hp_gain":0.0,"max_hp_loss":0.0,"gold_gain":0.0,"event_name":"Addict","player_choice":"Obtained Relic","floor":21.0,"gold_loss":85.0,"damage_taken":0.0,"relics_obtained":["Blood Vial"]},{"damage_healed":0.0,"max_hp_gain":0.0,"max_hp_loss":0.0,"gold_gain":0.0,"event_name":"The Library","player_choice":"Read","floor":29.0,"gold_loss":0.0,"damage_taken":0.0,"cards_obtained":["Corruption"]},{"damage_healed":0.0,"max_hp_gain":0.0,"max_hp_loss":4.0,"gold_gain":0.0,"event_name":"Winding Halls","player_choice":"Max HP","floor":36.0,"gold_loss":0.0,"damage_taken":0.0},{"damage_healed":0.0,"max_hp_gain":0.0,"max_hp_loss":0.0,"gold_gain":0.0,"event_name":"Mysterious Sphere","player_choice":"Fight","floor":37.0,"gold_loss":0.0,"damage_taken":0.0},{"damage_healed":0.0,"max_hp_gain":0.0,"max_hp_loss":0.0,"gold_gain":0.0,"event_name":"MindBloom","player_choice":"Fight","floor":44.0,"gold_loss":0.0,"damage_taken":0.0},{"cards_removed":["Clothesline"],"damage_healed":0.0,"max_hp_gain":0.0,"max_hp_loss":0.0,"gold_gain":0.0,"event_name":"Falling","player_choice":"Removed Attack","floor":47.0,"gold_loss":0.0,"damage_taken":0.0}],"is_beta":false,"boss_relics":[{"not_picked":["Tiny House","Black Blood"],"picked":"Cursed Key"},{"not_picked":["Velvet Choker","Runic Cube"],"picked":"Pandora\u0027s Box"}],"items_purged_floors":[20,38,54],"is_endless":false,"potions_floor_spawned":[3,10,11,14,16,22,28,33,37,40,42,46,48],"ascension_level":20}