{"gold_per_floor":[119,136,147,3,3,3,21,41,41,58,90,104,124,139,139,244,244,259,269,281,50,50,50,50,60,140,153,153,153],"floor_reached":29,"playtime":2119,"items_purged":["Well Laid Plans"],"score":310,"play_id":"7bb91e10-e29c-43c4-9bd4-d535b457454a","local_time":"20200707084650","is_ascension_mode":true,"campfire_choices":[{"data":"Noxious Fumes","floor":6,"key":"SMITH"},{"data":"Noxious Fumes","floor":15,"key":"SMITH"},{"data":"Crippling Poison","floor":23,"key":"SMITH"}],"neow_cost":"NONE","seed_source_timestamp":684138296175792,"circlet_count":0,"master_deck":["Strike_G","Strike_G","Strike_G","Strike_G","Strike_G","Defend_G","Defend_G","Defend_G","Defend_G","Defend_G","Survivor","Neutralize","Noxious Fumes+1","Flying Knee","Bane","Envenom","All Out Attack","Backflip","Bane","Noxious Fumes+1","Venomology","Poisoned Stab","Backflip+1","Crippling Poison+1","Backstab+1","Backflip"],"relics":["Ring of the Snake","Oddly Smooth Stone","Calipers","Sundial","Shuriken","Runic Pyramid","ClockworkSouvenir","Bottled Lightning"],"potions_floor_usage":[11,13,14,14,15,16,16,16,19,20,25,25,25,29,29],"damage_taken":[{"damage":0,"enemies":"2 Louse","floor":1,"turns":3},{"damage":2,"enemies":"Small Slimes","floor":2,"turns":5},{"damage":6,"enemies":"Jaw Worm","floor":3,"turns":5},{"damage":10,"enemies":"Blue Slaver","floor":7,"turns":4},{"damage":1,"enemies":"Large Slime","floor":8,"turns":6},{"damage":1,"enemies":"Exordium Wildlife","floor":10,"turns":5},{"damage":0,"enemies":"Lagavulin","floor":11,"turns":7},{"damage":9,"enemies":"3 Louse","floor":12,"turns":3},{"damage":4,"enemies":"Looter","floor":13,"turns":3},{"damage":0,"enemies":"Lots of Slimes","floor":14,"turns":4},{"damage":13,"enemies":"Slime Boss","floor":16,"turns":6},{"damage":27,"enemies":"3 Byrds","floor":18,"turns":5},{"damage":8,"enemies":"Shell Parasite","floor":19,"turns":6},{"damage":23,"enemies":"Snecko","floor":20,"turns":8},{"damage":6,"enemies":"3 Cultists","floor":25,"turns":3},{"damage":3,"enemies":"Cultist and Chosen","floor":27,"turns":6},{"damage":13,"enemies":"Centurion and Healer","floor":29,"turns":3}],"seed_played":"7057565299075121389","potions_obtained":[{"floor":1,"key":"Weak Potion"},{"floor":7,"key":"GamblersBrew"},{"floor":8,"key":"DistilledChaos"},{"floor":11,"key":"EntropicBrew"},{"floor":13,"key":"GhostInAJar"},{"floor":18,"key":"Dexterity Potion"},{"floor":20,"key":"SkillPotion"},{"floor":27,"key":"PowerPotion"}],"is_trial":false,"path_per_floor":["M","M","M","$","?","R","M","M","T","M","E","M","M","M","R","B",null,"M","M","M","$","?","R","$","M","T","M","?","M"],"character_chosen":"THE_SILENT","items_purchased":["Oddly Smooth Stone","ClockworkSouvenir"],"campfire_rested":0,"item_purchase_floors":[4,21],"current_hp_per_floor":[77,75,69,69,57,57,47,46,46,45,45,36,32,32,32,19,77,50,42,19,19,19,19,19,13,13,10,10,0],"gold":153,"neow_bonus":"TEN_PERCENT_HP_BONUS","is_prod":false,"is_daily":false,"chose_seed":false,"campfire_upgraded":3,"win_rate":0,"timestamp":1594129610,"path_taken":["M","M","M","$","?","R","M","M","T","M","E","M","M","M","R","BOSS","M","M","M","$","?","R","$","M","T","M","?","M"],"build_version":"2020-01-27","purchased_purges":1,"victory":false,"max_hp_per_floor":[77,77,77,77,77,77,77,77,77,77,77,77,77,77,77,77,77,77,77,77,77,77,77,77,77,77,77,77,77],"card_choices":[{"not_picked":["Bane","Outmaneuver"],"picked":"Noxious Fumes","floor":1},{"not_picked":["Acrobatics","Deflect"],"picked":"Flying Knee","floor":2},{"not_picked":["Dodge and Roll","Deflect"],"picked":"Bane","floor":3},{"not_picked":["Dodge and Roll","Backflip"],"picked":"Envenom","floor":7},{"not_picked":["Poisoned Stab","Distraction"],"picked":"All Out Attack","floor":8},{"not_picked":["Quick Slash","Reflex"],"picked":"Backflip","floor":10},{"not_picked":["Backflip","Accuracy"],"picked":"Bane","floor":11},{"not_picked":["Underhanded Strike","Well Laid Plans"],"picked":"Noxious Fumes","floor":12},{"not_picked":["Backflip","Cloak And Dagger","Dagger Spray"],"picked":"SKIP","floor":13},{"not_picked":["Quick Slash","Escape Plan"],"picked":"Well Laid Plans","floor":14},{"not_picked":["A Thousand Cuts","Grand Finale"],"picked":"Venomology","floor":16},{"not_picked":["Acrobatics","Slice"],"picked":"Poisoned Stab","floor":18},{"not_picked":["Well Laid Plans+1","Endless Agony","Choke"],"picked":"SKIP","floor":19},{"not_picked":["Cloak And Dagger","Predator"],"picked":"Backflip+1","floor":20},{"not_picked":["Dagger Throw","Poisoned Stab"],"picked":"Backstab+1","floor":25},{"not_picked":["Tactician","Footwork+1"],"picked":"Backflip","floor":27}],"player_experience":98924,"relics_obtained":[{"floor":9,"key":"Sundial"},{"floor":11,"key":"Shuriken"},{"floor":26,"key":"Bottled Lightning"}],"event_choices":[{"damage_healed":0,"gold_gain":0,"player_choice":"Success","damage_taken":12,"relics_obtained":["Calipers"],"max_hp_gain":0,"max_hp_loss":0,"event_name":"Scrap Ooze","floor":5,"gold_loss":0},{"damage_healed":0,"gold_gain":0,"player_choice":"Read","damage_taken":0,"max_hp_gain":0,"max_hp_loss":0,"event_name":"The Library","floor":22,"gold_loss":0,"cards_obtained":["Crippling Poison"]},{"damage_healed":0,"gold_gain":0,"player_choice":"Ignored","damage_taken":0,"max_hp_gain":0,"max_hp_loss":0,"event_name":"The Mausoleum","floor":28,"gold_loss":0}],"is_beta":false,"boss_relics":[{"not_picked":["Calling Bell","Ectoplasm"],"picked":"Runic Pyramid"}],"items_purged_floors":[21],"is_endless":false,"potions_floor_spawned":[1,7,8,11,13,18,20,27],"killed_by":"Centurion and Healer","ascension_level":4}