{"gold_per_floor":[110,121,296,0,0,0,32,32,32,32,60,73,73,101,101,200,200,216,216,116,127,2,2,22,22,46,77,105,134,166,23,23,118,118,134,144,157,7,23,53,0,0,0,0,0,0,0,23,23,23,23,23,23,55,55],"floor_reached":55,"playtime":3573,"items_purged":["Doubt","Strike_G","Strike_G","Defend_G"],"score":820,"play_id":"c183dcef-3c98-4b6f-a589-1815616f5c67","local_time":"20200707045527","is_ascension_mode":true,"campfire_choices":[{"data":"Noxious Fumes","floor":6,"key":"SMITH"},{"data":"Neutralize","floor":8,"key":"SMITH"},{"data":"Dagger Throw","floor":10,"key":"SMITH"},{"data":"Crippling Poison","floor":15,"key":"SMITH"},{"data":"Footwork","floor":23,"key":"SMITH"},{"data":"Poisoned Stab","floor":32,"key":"SMITH"},{"data":"Adrenaline","floor":42,"key":"SMITH"},{"floor":45,"key":"RECALL"},{"data":"Predator","floor":49,"key":"SMITH"},{"data":"Deadly Poison","floor":52,"key":"SMITH"}],"neow_cost":"TEN_PERCENT_HP_LOSS","seed_source_timestamp":668797849242142,"circlet_count":0,"master_deck":["Defend_G","Defend_G","Defend_G","Defend_G","Survivor","Neutralize+1","Backstab","Dagger Throw+1","Noxious Fumes+1","Predator+1","Crippling Poison+1","Backstab","Corpse Explosion","Footwork+1","Deadly Poison+1","Poisoned Stab+1","Backstab+1","Adrenaline+1","Bane+1","PiercingWail","Noxious Fumes+1","PiercingWail"],"relics":["Ring of the Serpent","Vajra","Eternal Feather","Matryoshka","Thread and Needle","Nunchaku","Coffee Dripper","Bottled Tornado","MawBank","TheAbacus","The Specimen","Red Mask","Ancient Tea Set","Kunai","Centennial Puzzle","Blood Vial"],"potions_floor_usage":[16,16,29,36,50,55],"damage_taken":[{"damage":0,"enemies":"Jaw Worm","floor":1,"turns":4},{"damage":0,"enemies":"2 Louse","floor":2,"turns":2},{"damage":14,"enemies":"Lagavulin","floor":7,"turns":8},{"damage":15,"enemies":"3 Sentries","floor":11,"turns":7},{"damage":0,"enemies":"Cultist","floor":12,"turns":2},{"damage":0,"enemies":"Gremlin Nob","floor":14,"turns":4},{"damage":3,"enemies":"Slime Boss","floor":16,"turns":9},{"damage":0,"enemies":"Shell Parasite","floor":18,"turns":3},{"damage":0,"enemies":"3 Byrds","floor":21,"turns":2},{"damage":0,"enemies":"Sentry and Sphere","floor":24,"turns":4},{"damage":1,"enemies":"Shelled Parasite and Fungi","floor":27,"turns":5},{"damage":0,"enemies":"Chosen and Byrds","floor":28,"turns":4},{"damage":0,"enemies":"Snecko","floor":29,"turns":3},{"damage":0,"enemies":"Sentry and Sphere","floor":30,"turns":5},{"damage":38,"enemies":"Champ","floor":33,"turns":11},{"damage":8,"enemies":"3 Shapes","floor":35,"turns":3},{"damage":0,"enemies":"Orb Walker","floor":36,"turns":3},{"damage":7,"enemies":"3 Darklings","floor":37,"turns":4},{"damage":12,"enemies":"Maw","floor":39,"turns":6},{"damage":28,"enemies":"Nemesis","floor":40,"turns":7},{"damage":19,"enemies":"Awakened One","floor":50,"turns":14},{"damage":24,"enemies":"Shield and Spear","floor":54,"turns":4},{"damage":89,"enemies":"The Heart","floor":55,"turns":6}],"seed_played":"6913266056669460954","potions_obtained":[{"floor":1,"key":"Fire Potion"},{"floor":11,"key":"Ancient Potion"},{"floor":14,"key":"EssenceOfSteel"},{"floor":16,"key":"SkillPotion"},{"floor":19,"key":"FairyPotion"},{"floor":19,"key":"Poison Potion"},{"floor":21,"key":"Dexterity Potion"},{"floor":24,"key":"Swift Potion"},{"floor":28,"key":"PowerPotion"},{"floor":33,"key":"Regen Potion"},{"floor":37,"key":"FairyPotion"},{"floor":54,"key":"FearPotion"}],"is_trial":false,"path_per_floor":["M","M","?","$","?","R","E","R","T","R","E","M","?","E","R","B",null,"M","?","$","M","$","R","M","$","T","M","M","M","M","$","R","B",null,"M","M","M","$","M","E","?","R","T","?","R","$","?","T","R","B",null,"R","$","E","B"],"character_chosen":"THE_SILENT","items_purchased":["Noxious Fumes","Vajra","TheAbacus"],"campfire_rested":0,"item_purchase_floors":[4,4,31],"current_hp_per_floor":[63,63,63,63,56,56,42,48,48,54,39,39,32,32,41,38,63,63,63,63,63,63,63,63,63,63,62,62,62,62,62,63,25,63,55,63,56,56,44,16,16,28,28,28,40,40,40,40,52,33,60,60,60,36,0],"gold":55,"neow_bonus":"REMOVE_TWO","is_prod":false,"is_daily":false,"chose_seed":false,"campfire_upgraded":9,"win_rate":0,"timestamp":1594115727,"path_taken":["M","M","?","$","?","R","E","R","T","R","E","M","?","E","R","BOSS","M","?","$","?","$","R","M","?","T","?","M","M","M","$","R","BOSS","M","M","?","$","M","E","?","R","T","?","R","?","?","?","R","BOSS","R","$","E","BOSS"],"build_version":"2020-01-27","purchased_purges":4,"victory":false,"max_hp_per_floor":[63,63,63,63,63,63,63,63,63,63,63,63,63,63,63,63,63,63,63,63,63,63,63,63,63,63,63,63,63,63,63,63,63,63,63,63,63,63,63,63,63,63,63,60,60,60,60,60,60,60,60,60,60,60,60],"card_choices":[{"not_picked":["Dagger Spray","Acrobatics"],"picked":"Backstab","floor":1},{"not_picked":["Deflect","Sucker Punch"],"picked":"Dagger Throw","floor":2},{"not_picked":["Grand Finale","Acrobatics"],"picked":"Predator","floor":7},{"not_picked":["Backflip","PiercingWail"],"picked":"Crippling Poison","floor":11},{"not_picked":["Cloak And Dagger","Dodge and Roll","Acrobatics"],"picked":"SKIP","floor":12},{"not_picked":["Blade Dance","Flying Knee"],"picked":"Backstab","floor":14},{"not_picked":["A Thousand Cuts","Grand Finale"],"picked":"Corpse Explosion","floor":16},{"not_picked":["Calculated Gamble+1","Deflect"],"picked":"Footwork","floor":18},{"not_picked":["Calculated Gamble","Acrobatics"],"picked":"Deadly Poison","floor":21},{"not_picked":["Accuracy","Acrobatics"],"picked":"Poisoned Stab","floor":24},{"not_picked":["Eviscerate","Slice+1","Cloak And Dagger"],"picked":"SKIP","floor":27},{"not_picked":["Dodge and Roll+1","Choke+1"],"picked":"Backstab+1","floor":28},{"not_picked":["Slice+1","Unload","Predator"],"picked":"SKIP","floor":29},{"not_picked":["Poisoned Stab","Quick Slash","Deflect"],"picked":"SKIP","floor":30},{"not_picked":["After Image","Bullet Time"],"picked":"Adrenaline","floor":33},{"not_picked":["Cloak And Dagger+1","Deflect+1","Slice"],"picked":"SKIP","floor":35},{"not_picked":["Dodge and Roll","Escape Plan","Quick Slash+1"],"picked":"SKIP","floor":36},{"not_picked":["Blade Dance","Dagger Throw"],"picked":"Bane+1","floor":37},{"not_picked":["Backstab","Acrobatics"],"picked":"PiercingWail","floor":39},{"not_picked":["Prepared","Dagger Spray"],"picked":"Noxious Fumes+1","floor":40},{"not_picked":["Choke+1","Eviscerate+1"],"picked":"PiercingWail","floor":54}],"player_experience":93074,"relics_obtained":[{"floor":7,"key":"Eternal Feather"},{"floor":11,"key":"Matryoshka"},{"floor":14,"key":"Nunchaku"},{"floor":26,"key":"Bottled Tornado"},{"floor":26,"key":"MawBank"},{"floor":40,"key":"The Specimen"},{"floor":43,"key":"Ancient Tea Set"},{"floor":43,"key":"Kunai"},{"floor":48,"key":"Centennial Puzzle"},{"floor":54,"key":"Blood Vial"}],"event_choices":[{"damage_healed":0,"gold_gain":175,"player_choice":"AGREE","damage_taken":0,"max_hp_gain":0,"max_hp_loss":0,"event_name":"Liars Game","floor":3,"gold_loss":0,"cards_obtained":["Doubt"]},{"cards_removed":["Strike_G"],"damage_healed":0,"gold_gain":0,"player_choice":"Card Removal","damage_taken":7,"max_hp_gain":0,"max_hp_loss":0,"event_name":"Golden Wing","floor":5,"gold_loss":0},{"damage_healed":0,"gold_gain":0,"player_choice":"Success","damage_taken":7,"relics_obtained":["Thread and Needle"],"max_hp_gain":0,"max_hp_loss":0,"event_name":"Scrap Ooze","floor":13,"gold_loss":0},{"damage_healed":0,"gold_gain":0,"player_choice":"Got Potions","damage_taken":0,"max_hp_gain":0,"max_hp_loss":0,"event_name":"Lab","floor":19,"gold_loss":0},{"damage_healed":0,"gold_gain":0,"player_choice":"Paid","damage_taken":0,"relics_obtained":["Red Mask"],"max_hp_gain":0,"max_hp_loss":0,"event_name":"Tomb of Lord Red Mask","floor":41,"gold_loss":53},{"damage_healed":0,"gold_gain":0,"player_choice":"Max HP","damage_taken":0,"max_hp_gain":0,"max_hp_loss":3,"event_name":"Winding Halls","floor":44,"gold_loss":0},{"damage_healed":0,"gold_gain":0,"player_choice":"Memory 1","damage_taken":0,"max_hp_gain":0,"max_hp_loss":0,"event_name":"SensoryStone","floor":47,"gold_loss":0}],"is_beta":false,"boss_relics":[{"not_picked":["Ectoplasm","Black Star"],"picked":"Coffee Dripper"},{"not_picked":["Philosopher\u0027s Stone","Pandora\u0027s Box"],"picked":"Ring of the Serpent"}],"items_purged_floors":[4,20,22,38],"is_endless":false,"potions_floor_spawned":[1,11,14,16,21,24,28,33,35,37,40,54],"killed_by":"The Heart","ascension_level":3}