{"gold_per_floor":[116,132,132,151,101,134,153,166,166,166,195,275,288,288,288,387,387,405,405,405,67,55,89,89],"floor_reached":24,"playtime":1849,"items_purged":["Strike_G"],"score":262,"play_id":"509c80de-f00c-4e02-ab85-8fb153183801","local_time":"20200706074839","is_ascension_mode":true,"campfire_choices":[{"floor":10,"key":"REST"},{"floor":15,"key":"REST"}],"neow_cost":"NONE","seed_source_timestamp":594518854626750,"circlet_count":0,"master_deck":["Strike_G","Strike_G","Strike_G+1","Defend_G","Defend_G","Defend_G","Defend_G","Defend_G","Survivor","Neutralize","Quick Slash","Catalyst+1","Predator","All Out Attack","Noxious Fumes+1","Catalyst","Envenom+1","PiercingWail","Calculated Gamble","Footwork+1","Bouncing Flask","Poisoned Stab","A Thousand Cuts+1"],"relics":["Ring of the Snake","Pocketwatch","Frozen Egg 2","White Beast Statue","Runic Pyramid","ClockworkSouvenir","Kunai"],"potions_floor_usage":[11,14,16,16,22,23,23],"damage_taken":[{"damage":5,"enemies":"Cultist","floor":1,"turns":5},{"damage":1,"enemies":"Jaw Worm","floor":2,"turns":5},{"damage":0,"enemies":"Small Slimes","floor":4,"turns":4},{"damage":43,"enemies":"3 Sentries","floor":6,"turns":15},{"damage":7,"enemies":"Exordium Wildlife","floor":7,"turns":4},{"damage":0,"enemies":"Large Slime","floor":8,"turns":4},{"damage":19,"enemies":"Gremlin Nob","floor":11,"turns":5},{"damage":4,"enemies":"Gremlin Gang","floor":13,"turns":3},{"damage":0,"enemies":"Looter","floor":14,"turns":1},{"damage":21,"enemies":"Slime Boss","floor":16,"turns":7},{"damage":6,"enemies":"Chosen","floor":18,"turns":5},{"damage":14,"enemies":"2 Thieves","floor":22,"turns":4},{"damage":41,"enemies":"Book of Stabbing","floor":23,"turns":5},{"damage":22,"enemies":"Snake Plant","floor":24,"turns":4}],"seed_played":"-8188276472098422508","potions_obtained":[{"floor":7,"key":"SmokeBomb"},{"floor":8,"key":"PowerPotion"},{"floor":13,"key":"CunningPotion"},{"floor":16,"key":"EntropicBrew"},{"floor":18,"key":"SkillPotion"},{"floor":22,"key":"Energy Potion"},{"floor":23,"key":"Ancient Potion"}],"is_trial":false,"path_per_floor":["M","M","?","M","?","E","M","M","T","R","E","?","M","M","R","B",null,"M","?","?","$","M","E","M"],"character_chosen":"THE_SILENT","items_purchased":["Footwork+1","ClockworkSouvenir","Bouncing Flask"],"campfire_rested":2,"item_purchase_floors":[21,21,21],"current_hp_per_floor":[72,71,56,56,56,13,6,6,6,29,10,10,6,6,29,8,77,71,71,71,71,57,16,0],"gold":89,"neow_bonus":"TEN_PERCENT_HP_BONUS","is_prod":false,"is_daily":false,"chose_seed":false,"campfire_upgraded":0,"win_rate":0,"timestamp":1594039719,"path_taken":["M","M","?","M","?","E","M","M","T","R","E","?","M","M","R","BOSS","M","?","?","$","?","E","M"],"build_version":"2020-01-27","purchased_purges":1,"victory":false,"max_hp_per_floor":[77,77,77,77,77,77,77,77,77,77,77,77,77,77,77,77,77,77,77,77,77,77,77,77],"card_choices":[{"not_picked":["Prepared","Deadly Poison"],"picked":"Quick Slash","floor":1},{"not_picked":["Dagger Throw","Terror"],"picked":"Catalyst","floor":2},{"not_picked":["Dodge and Roll","Distraction","Setup"],"picked":"SKIP","floor":4},{"not_picked":["Cloak And Dagger","Poisoned Stab"],"picked":"Predator","floor":6},{"not_picked":["PiercingWail","Sucker Punch"],"picked":"All Out Attack","floor":7},{"not_picked":["Endless Agony","Riddle With Holes"],"picked":"Well Laid Plans","floor":8},{"not_picked":["Sucker Punch","PiercingWail"],"picked":"Noxious Fumes+1","floor":11},{"not_picked":["Dodge and Roll","Expertise"],"picked":"Catalyst","floor":13},{"not_picked":["Bullet Time","Grand Finale"],"picked":"Envenom+1","floor":16},{"not_picked":["Slice","Deflect","Flying Knee"],"picked":"SKIP","floor":18},{"not_picked":["Heel Hook+1","Underhanded Strike+1"],"picked":"Poisoned Stab","floor":22},{"not_picked":["Prepared","Backflip"],"picked":"A Thousand Cuts+1","floor":23}],"player_experience":71992,"relics_obtained":[{"floor":6,"key":"Pocketwatch"},{"floor":9,"key":"Frozen Egg 2"},{"floor":11,"key":"White Beast Statue"},{"floor":23,"key":"Kunai"}],"event_choices":[{"damage_healed":0,"gold_gain":0,"player_choice":"Entered Light","damage_taken":15,"max_hp_gain":0,"max_hp_loss":0,"event_name":"Shining Light","floor":3,"gold_loss":0,"cards_upgraded":["Catalyst","Strike_G"]},{"cards_removed":["Strike_G"],"damage_healed":0,"gold_gain":0,"player_choice":"Card Removal","damage_taken":0,"max_hp_gain":0,"max_hp_loss":0,"event_name":"The Cleric","floor":5,"gold_loss":50},{"damage_healed":0,"gold_gain":80,"player_choice":"Gained Gold","damage_taken":0,"max_hp_gain":0,"max_hp_loss":0,"event_name":"Golden Wing","floor":12,"gold_loss":0},{"damage_healed":0,"gold_gain":0,"player_choice":"Read","damage_taken":0,"max_hp_gain":0,"max_hp_loss":0,"event_name":"The Library","floor":19,"gold_loss":0,"cards_obtained":["PiercingWail"]},{"damage_healed":0,"gold_gain":0,"cards_transformed":["Well Laid Plans"],"player_choice":"Transformed","damage_taken":0,"max_hp_gain":0,"max_hp_loss":0,"event_name":"Transmorgrifier","floor":20,"gold_loss":0,"cards_obtained":["Calculated Gamble"]}],"is_beta":false,"boss_relics":[{"not_picked":["Cursed Key","Empty Cage"],"picked":"Runic Pyramid"}],"items_purged_floors":[21],"is_endless":false,"potions_floor_spawned":[7,8,13,14,16,18,22,23],"killed_by":"Snake Plant","ascension_level":3}