{"gold_per_floor":[118,168,2,20,20,51,51,77,77,77,104,120,120,132,132,207,207,220,250,165,90,90,125,142,177,177,209,209,227,55,65,65,136,136,148,158,31,31,50,50,83,83,155,193,193,210,230,261,261,261,261,261,261,14,44,44],"floor_reached":56,"playtime":4479,"items_purged":["Bite"],"score":2322,"play_id":"5525eb4f-d9c5-4b8e-beec-e26c81f910e2","local_time":"20211021120804","is_ascension_mode":true,"campfire_choices":[{"data":"Blade Dance","floor":7.0,"key":"SMITH"},{"data":"Blade Dance","floor":10.0,"key":"SMITH"},{"data":"Neutralize","floor":13.0,"key":"SMITH"},{"floor":15.0,"key":"RECALL"},{"floor":28.0,"key":"REST"},{"floor":32.0,"key":"REST"},{"floor":40.0,"key":"REST"},{"floor":42.0,"key":"REST"},{"floor":49.0,"key":"REST"},{"floor":53.0,"key":"REST"}],"neow_cost":"NONE","seed_source_timestamp":0,"circlet_count":0,"master_deck":["AscendersBane","Defend_G","Defend_G","Defend_G","Defend_G","Defend_G","Survivor","Neutralize+1","Backstab","Blade Dance+1","Blade Dance+1","PiercingWail","Masterful Stab","Well Laid Plans+1","After Image+1","Backflip","Bite","Bite","Bite","Finisher","Accuracy+1","Acrobatics","Acrobatics+1","PiercingWail","Leg Sweep","Accuracy+1","Blade Dance","Caltrops+1"],"special_seed":0,"relics":["WristBlade","PreservedInsect","Regal Pillow","Anchor","Frozen Egg 2","Pocketwatch","Fusion Hammer","Red Mask","Ninja Scroll","Calipers","Bronze Scales","Matryoshka","Singing Bowl","Potion Belt","HoveringKite","Lantern","CeramicFish","Ornamental Fan","Smiling Mask","The Courier","Membership Card","Paper Crane","Letter Opener"],"potions_floor_usage":[],"damage_taken":[{"damage":0.0,"enemies":"Jaw Worm","floor":1.0,"turns":4.0},{"damage":0.0,"enemies":"Cultist","floor":4.0,"turns":3.0},{"damage":6.0,"enemies":"Gremlin Nob","floor":6.0,"turns":3.0},{"damage":7.0,"enemies":"Lagavulin","floor":8.0,"turns":4.0},{"damage":0.0,"enemies":"Gremlin Nob","floor":11.0,"turns":2.0},{"damage":0.0,"enemies":"Small Slimes","floor":12.0,"turns":2.0},{"damage":0.0,"enemies":"Looter","floor":14.0,"turns":2.0},{"damage":0.0,"enemies":"Slime Boss","floor":16.0,"turns":6.0},{"damage":2.0,"enemies":"Shell Parasite","floor":18.0,"turns":4.0},{"damage":9.0,"enemies":"Masked Bandits","floor":19.0,"turns":4.0},{"damage":0.0,"enemies":"Slavers","floor":23.0,"turns":3.0},{"damage":0.0,"enemies":"Spheric Guardian","floor":24.0,"turns":1.0},{"damage":13.0,"enemies":"Gremlin Leader","floor":25.0,"turns":4.0},{"damage":0.0,"enemies":"Slavers","floor":27.0,"turns":3.0},{"damage":0.0,"enemies":"Snake Plant","floor":29.0,"turns":1.0},{"damage":3.0,"enemies":"Shelled Parasite and Fungi","floor":31.0,"turns":4.0},{"damage":21.0,"enemies":"Automaton","floor":33.0,"turns":6.0},{"damage":2.0,"enemies":"3 Darklings","floor":35.0,"turns":6.0},{"damage":0.0,"enemies":"3 Shapes","floor":36.0,"turns":3.0},{"damage":0.0,"enemies":"Maw","floor":39.0,"turns":6.0},{"damage":0.0,"enemies":"Reptomancer","floor":41.0,"turns":3.0},{"damage":1.0,"enemies":"Giant Head","floor":44.0,"turns":5.0},{"damage":0.0,"enemies":"Sphere and 2 Shapes","floor":46.0,"turns":4.0},{"damage":0.0,"enemies":"Jaw Worm Horde","floor":47.0,"turns":3.0},{"damage":0.0,"enemies":"Reptomancer","floor":48.0,"turns":2.0},{"damage":28.0,"enemies":"Donu and Deca","floor":50.0,"turns":10.0},{"damage":38.0,"enemies":"Time Eater","floor":51.0,"turns":11.0},{"damage":55,"enemies":"Shield and Spear","floor":55,"turns":5},{"damage":52,"enemies":"The Heart","floor":56,"turns":2}],"seed_played":"-498519788117172046","potions_obtained":[{"floor":6.0,"key":"AttackPotion"},{"floor":8.0,"key":"SmokeBomb"},{"floor":11.0,"key":"LiquidMemories"},{"floor":24.0,"key":"SneckoOil"},{"floor":25.0,"key":"Dexterity Potion"},{"floor":27.0,"key":"SteroidPotion"},{"floor":31.0,"key":"Weak Potion"},{"floor":33.0,"key":"ColorlessPotion"},{"floor":36.0,"key":"Ancient Potion"},{"floor":41.0,"key":"Strength Potion"},{"floor":46.0,"key":"AttackPotion"},{"floor":48.0,"key":"AttackPotion"}],"is_trial":false,"path_per_floor":["M","?","$","M","T","E","R","E","T","R","E","M","R","M","R","B",null,"M","?","?","?","?","E","M","E","T","E","R","M","$","M","R","B",null,"M","M","$","?","M","R","E","R","T","E","?","M","M","E","R","B","B",null,"R","$","E","B"],"character_chosen":"THE_SILENT","items_purchased":["PreservedInsect","Potion Belt","PiercingWail","Membership Card","Paper Crane","Caltrops+1"],"campfire_rested":6,"item_purchase_floors":[3,30,37,54,54,54],"current_hp_per_floor":[59,59,59,59,59,53,53,46,46,46,46,46,46,46,46,46,61,59,50,50,50,46,46,46,37,37,43,46,48,48,50,50,40,49,52,52,52,49,49,49,49,49,49,48,48,51,53,55,55,33,1,42,55,55,4,0],"gold":44,"neow_bonus":"BOSS_RELIC","is_prod":false,"is_daily":false,"chose_seed":false,"campfire_upgraded":3,"win_rate":0,"timestamp":1634843284,"path_taken":["M","?","?","?","?","E","R","E","T","R","E","M","R","M","R","BOSS","M","?","?","?","?","E","M","E","T","E","R","M","$","M","R","BOSS","M","M","$","?","M","R","E","R","T","E","?","?","M","E","R","BOSS","BOSS","R","$","E","BOSS"],"build_version":"2020-12-22","purchased_purges":1,"victory":false,"max_hp_per_floor":[66,66,66,66,66,66,66,66,66,66,66,66,66,66,66,66,66,66,66,66,66,46,46,46,46,46,46,46,48,48,50,50,52,52,52,52,52,49,49,49,49,49,49,49,49,51,53,55,55,55,55,55,55,55,57,57],"relic_stats":{"Regal Pillow":0,"Calipers":[120],"Singing Bowl":14,"counters":[29,116],"CeramicFish":18,"HoveringKite":[19],"PreservedInsect":545,"The Courier":221,"Letter Opener":[5],"Smiling Mask":0,"Matryoshka":1,"Ornamental Fan":[160],"Bronze Scales":[210],"Membership Card":221,"obtain_stats":[{"Potion Belt":30,"Regal Pillow":6,"Lantern":41,"Calipers":23,"Singing Bowl":27,"CeramicFish":43,"HoveringKite":34,"PreservedInsect":3,"The Courier":48,"Letter Opener":55,"Frozen Egg 2":9,"Paper Crane":54,"Smiling Mask":44,"Anchor":8,"Matryoshka":26,"WristBlade":0,"Ninja Scroll":20,"Ornamental Fan":43,"Bronze Scales":25,"Fusion Hammer":17,"Red Mask":19,"Membership Card":54,"Ring of the Snake":0,"Pocketwatch":11},{"Potion Belt":15,"Regal Pillow":3,"Lantern":21,"Calipers":11,"Singing Bowl":14,"CeramicFish":21,"HoveringKite":17,"PreservedInsect":1,"The Courier":25,"Letter Opener":28,"Frozen Egg 2":4,"Paper Crane":27,"Smiling Mask":22,"Anchor":4,"Matryoshka":13,"WristBlade":0,"Ninja Scroll":10,"Ornamental Fan":21,"Bronze Scales":13,"Fusion Hammer":8,"Red Mask":10,"Membership Card":27,"Ring of the Snake":0,"Pocketwatch":5},{"Potion Belt":46,"Regal Pillow":10,"Lantern":74,"Calipers":37,"Singing Bowl":45,"CeramicFish":74,"HoveringKite":56,"PreservedInsect":4,"The Courier":88,"Letter Opener":114,"Frozen Egg 2":14,"Paper Crane":109,"Smiling Mask":79,"Anchor":14,"Matryoshka":42,"WristBlade":0,"Ninja Scroll":34,"Ornamental Fan":74,"Bronze Scales":42,"Fusion Hammer":26,"Red Mask":34,"Membership Card":109,"Ring of the Snake":0,"Pocketwatch":16}],"Pocketwatch":[33]},"card_choices":[{"not_picked":["Sucker Punch","Bouncing Flask"],"picked":"Backstab","floor":1.0},{"not_picked":["Endless Agony","Cloak And Dagger"],"picked":"Blade Dance","floor":4.0},{"not_picked":["Terror","Bane"],"picked":"Blade Dance","floor":6.0},{"not_picked":["Slice","Concentrate"],"picked":"PiercingWail","floor":8.0},{"not_picked":["Catalyst","Deflect","Dodge and Roll"],"picked":"SKIP","floor":11.0},{"not_picked":["Quick Slash","Caltrops+1"],"picked":"Masterful Stab","floor":12.0},{"not_picked":["Distraction","Endless Agony"],"picked":"Well Laid Plans+1","floor":14.0},{"not_picked":["Storm of Steel","Die Die Die"],"picked":"After Image+1","floor":16.0},{"not_picked":["Infinite Blades+1","Flying Knee","Outmaneuver"],"picked":"SKIP","floor":18.0},{"not_picked":["Escape Plan","Dodge and Roll"],"picked":"Backflip","floor":19.0},{"not_picked":["Poisoned Stab","Heel Hook","Skewer"],"picked":"SKIP","floor":23.0},{"not_picked":["Leg Sweep","Backflip"],"picked":"Finisher","floor":24.0},{"not_picked":["Underhanded Strike","Catalyst","Dagger Spray+1"],"picked":"SKIP","floor":25.0},{"not_picked":["Escape Plan+1","Blur"],"picked":"Accuracy+1","floor":27.0},{"not_picked":["Eviscerate","Deflect","Dodge and Roll"],"picked":"Singing Bowl","floor":29.0},{"not_picked":["Quick Slash","Deadly Poison","Endless Agony"],"picked":"Singing Bowl","floor":31.0},{"not_picked":["Glass Knife","Unload","After Image+1"],"picked":"Singing Bowl","floor":33.0},{"not_picked":["Concentrate","Quick Slash"],"picked":"Acrobatics","floor":35.0},{"not_picked":["Dagger Spray","Escape Plan+1"],"picked":"Acrobatics+1","floor":36.0},{"not_picked":["Sucker Punch","Dash"],"picked":"Leg Sweep","floor":39.0},{"not_picked":["Bane+1","Night Terror"],"picked":"Accuracy+1","floor":41.0},{"not_picked":["PiercingWail+1","Slice"],"picked":"Blade Dance","floor":44.0},{"not_picked":["Quick Slash","PiercingWail","Reflex"],"picked":"Singing Bowl","floor":46.0},{"not_picked":["All Out Attack","Deadly Poison","Backflip"],"picked":"Singing Bowl","floor":47.0},{"not_picked":["Outmaneuver","Dagger Spray","Choke"],"picked":"Singing Bowl","floor":48.0},{"not_picked":["Slice","Tools of the Trade+1","Finisher"],"picked":"Singing Bowl","floor":55}],"player_experience":701272,"relics_obtained":[{"floor":6.0,"key":"Regal Pillow"},{"floor":8.0,"key":"Anchor"},{"floor":9.0,"key":"Frozen Egg 2"},{"floor":11.0,"key":"Pocketwatch"},{"floor":19.0,"key":"Red Mask"},{"floor":23.0,"key":"Calipers"},{"floor":25.0,"key":"Bronze Scales"},{"floor":26.0,"key":"Matryoshka"},{"floor":27.0,"key":"Singing Bowl"},{"floor":41.0,"key":"Lantern"},{"floor":43.0,"key":"CeramicFish"},{"floor":43.0,"key":"Ornamental Fan"},{"floor":44.0,"key":"Smiling Mask"},{"floor":48.0,"key":"The Courier"},{"floor":55,"key":"Letter Opener"}],"event_choices":[{"damage_healed":0.0,"max_hp_gain":0.0,"max_hp_loss":0.0,"gold_gain":50.0,"event_name":"Golden Shrine","player_choice":"Pray","floor":2.0,"gold_loss":0.0,"damage_taken":0.0},{"damage_healed":0.0,"max_hp_gain":0.0,"max_hp_loss":0.0,"gold_gain":0.0,"event_name":"Masked Bandits","player_choice":"Fought Bandits","floor":19.0,"gold_loss":0.0,"damage_taken":0.0},{"damage_healed":0.0,"max_hp_gain":0.0,"max_hp_loss":0.0,"gold_gain":0.0,"event_name":"Addict","player_choice":"Obtained Relic","floor":20.0,"gold_loss":85.0,"damage_taken":0.0,"relics_obtained":["Ninja Scroll"]},{"cards_removed":["Strike_G"],"damage_healed":0.0,"max_hp_gain":0.0,"max_hp_loss":0.0,"gold_gain":0.0,"event_name":"Beggar","player_choice":"Gave Gold","floor":21.0,"gold_loss":75.0,"damage_taken":0.0},{"damage_healed":0.0,"max_hp_gain":0.0,"max_hp_loss":20.0,"gold_gain":0.0,"event_name":"Vampires","player_choice":"Became a vampire","floor":22.0,"gold_loss":0.0,"damage_taken":0.0,"cards_obtained":["Bite","Bite","Bite","Bite","Bite"]},{"damage_healed":0.0,"max_hp_gain":0.0,"max_hp_loss":3.0,"gold_gain":0.0,"event_name":"Winding Halls","player_choice":"Max HP","floor":38.0,"gold_loss":0.0,"damage_taken":0.0},{"cards_removed":["Bite"],"damage_healed":0.0,"max_hp_gain":0.0,"max_hp_loss":0.0,"gold_gain":0.0,"event_name":"Purifier","player_choice":"Purged","floor":45.0,"gold_loss":0.0,"damage_taken":0.0}],"is_beta":false,"boss_relics":[{"not_picked":["Tiny House","Sozu"],"picked":"Fusion Hammer"},{"not_picked":["Pandora\u0027s Box","Snecko Eye"],"picked":"HoveringKite"}],"items_purged_floors":[37],"is_endless":false,"potions_floor_spawned":[6,8,11,24,25,27,31,33,36,41,46,48],"killed_by":"The Heart","ascension_level":20}