{"gold_per_floor":[110,127,127,142,162,162,195,195,221,221,256,256,270,282,282,282],"floor_reached":16,"playtime":6617,"items_purged":[],"score":224,"play_id":"e9984270-c921-4751-b405-717c9e14edad","local_time":"20220405185650","is_ascension_mode":true,"campfire_choices":[{"data":"Poisoned Stab","floor":6.0,"key":"SMITH"},{"floor":8.0,"key":"REST"},{"data":"Neutralize","floor":12.0,"key":"SMITH"},{"data":"Doppelganger","floor":15.0,"key":"SMITH"}],"neow_cost":"NONE","seed_source_timestamp":71579261361704,"circlet_count":0,"master_deck":["AscendersBane","Strike_G","Strike_G","Strike_G","Strike_G+1","Strike_G","Defend_G","Defend_G","Defend_G","Defend_G","Defend_G","Survivor","Neutralize+1","Sucker Punch","Dagger Throw+1","Dagger Spray","Poisoned Stab+1","Escape Plan","PiercingWail","Doppelganger+1","Bane"],"special_seed":0,"relics":["Ring of the Snake","Regal Pillow","Oddly Smooth Stone","Snake Skull","Kunai","Akabeko"],"potions_floor_usage":[16,16],"damage_taken":[{"damage":5.0,"enemies":"Small Slimes","floor":1.0,"turns":4.0},{"damage":2.0,"enemies":"Jaw Worm","floor":2.0,"turns":5.0},{"damage":0.0,"enemies":"2 Louse","floor":4.0,"turns":3.0},{"damage":3.0,"enemies":"Looter","floor":5.0,"turns":4.0},{"damage":21.0,"enemies":"Gremlin Nob","floor":7.0,"turns":4.0},{"damage":8.0,"enemies":"Lagavulin","floor":11.0,"turns":6.0},{"damage":0.0,"enemies":"Large Slime","floor":13.0,"turns":4.0},{"damage":0.0,"enemies":"Exordium Thugs","floor":14.0,"turns":2.0},{"damage":45,"enemies":"Slime Boss","floor":16,"turns":7}],"seed_played":"-1443337249485961298","potions_obtained":[{"floor":2.0,"key":"LiquidBronze"},{"floor":4.0,"key":"Swift Potion"},{"floor":13.0,"key":"DuplicationPotion"}],"is_trial":false,"path_per_floor":["M","M","?","M","M","R","E","R","T","T","E","R","M","M","R","B"],"character_chosen":"THE_SILENT","items_purchased":[],"campfire_rested":1,"item_purchase_floors":[],"current_hp_per_floor":[54,52,32,32,29,29,8,42,42,42,34,34,34,34,34,0],"gold":282,"neow_bonus":"RANDOM_COMMON_RELIC","is_prod":false,"is_daily":false,"chose_seed":false,"campfire_upgraded":3,"win_rate":0,"timestamp":1649210210,"path_taken":["M","M","?","M","M","R","E","R","T","?","E","R","M","M","R","BOSS"],"build_version":"2022-03-07","purchased_purges":0,"victory":false,"max_hp_per_floor":[66,66,66,66,66,66,66,66,66,66,66,66,66,66,66,66],"relic_stats":{"Regal Pillow":15,"counters":[9,39],"Snake Skull":[6],"Kunai":[12],"obtain_stats":[{"Regal Pillow":0,"Oddly Smooth Stone":7,"Snake Skull":9,"Kunai":10,"Akabeko":11,"Ring of the Snake":0},{"Regal Pillow":0,"Oddly Smooth Stone":5,"Snake Skull":5,"Kunai":5,"Akabeko":6,"Ring of the Snake":0},{"Regal Pillow":0,"Oddly Smooth Stone":20,"Snake Skull":20,"Kunai":20,"Akabeko":26,"Ring of the Snake":0}],"Ring of the Snake":[18]},"card_choices":[{"not_picked":["Deflect","Reflex"],"picked":"Sucker Punch","floor":1.0},{"not_picked":["Deadly Poison","Poisoned Stab"],"picked":"Dagger Throw","floor":2.0},{"not_picked":["Outmaneuver","Backflip"],"picked":"Dagger Spray","floor":4.0},{"not_picked":["Quick Slash","Dodge and Roll"],"picked":"Poisoned Stab","floor":5.0},{"not_picked":["Deflect","Dagger Spray"],"picked":"Escape Plan","floor":7.0},{"not_picked":["Deflect","Poisoned Stab"],"picked":"PiercingWail","floor":11.0},{"not_picked":["Tactician","Setup"],"picked":"Doppelganger","floor":13.0},{"not_picked":["Dagger Spray","Prepared"],"picked":"Bane","floor":14.0}],"player_experience":726009,"relics_obtained":[{"floor":7.0,"key":"Oddly Smooth Stone"},{"floor":9.0,"key":"Snake Skull"},{"floor":10.0,"key":"Kunai"},{"floor":11.0,"key":"Akabeko"}],"event_choices":[{"damage_healed":0.0,"max_hp_gain":0.0,"max_hp_loss":0.0,"gold_gain":0.0,"event_name":"Shining Light","player_choice":"Entered Light","floor":3.0,"gold_loss":0.0,"damage_taken":20.0,"cards_upgraded":["Strike_G","Dagger Throw"]}],"is_beta":false,"boss_relics":[],"items_purged_floors":[],"is_endless":false,"potions_floor_spawned":[2,4,13],"killed_by":"Slime Boss","ascension_level":20}