{"gold_per_floor":[114,114,124,134,151,178,178,218,243,243,243],"floor_reached":11,"playtime":1101,"items_purged":[],"score":166,"play_id":"1b1d3244-dc4a-45e2-8354-06cd7704a307","local_time":"20220405135532","is_ascension_mode":true,"campfire_choices":[{"data":"Neutralize","floor":7.0,"key":"SMITH"}],"neow_cost":"NONE","seed_source_timestamp":59765247717904,"circlet_count":0,"master_deck":["AscendersBane","Strike_G","Strike_G","Strike_G","Strike_G","Strike_G","Defend_G","Defend_G","Defend_G","Defend_G","Defend_G","Survivor","Neutralize+1","Sucker Punch","Riddle With Holes","Masterful Stab","Crippling Poison","Cloak And Dagger","Poisoned Stab"],"special_seed":0,"relics":["Ring of the Snake","Anchor","Singing Bowl","CeramicFish","Smiling Mask","Pear"],"potions_floor_usage":[],"damage_taken":[{"damage":1.0,"enemies":"Small Slimes","floor":1.0,"turns":5.0},{"damage":0.0,"enemies":"Jaw Worm","floor":3.0,"turns":6.0},{"damage":0.0,"enemies":"Cultist","floor":4.0,"turns":3.0},{"damage":6.0,"enemies":"Gremlin Gang","floor":5.0,"turns":5.0},{"damage":21.0,"enemies":"3 Sentries","floor":6.0,"turns":10.0},{"damage":8.0,"enemies":"Gremlin Nob","floor":8.0,"turns":3.0},{"damage":40,"enemies":"Lagavulin","floor":11,"turns":6}],"seed_played":"1313840733778480893","potions_obtained":[{"floor":3.0,"key":"Fire Potion"},{"floor":6.0,"key":"PowerPotion"}],"is_trial":false,"path_per_floor":["M","?","M","M","M","E","R","E","T","T","E"],"character_chosen":"THE_SILENT","items_purchased":[],"campfire_rested":0,"item_purchase_floors":[],"current_hp_per_floor":[58,63,63,63,57,36,36,28,28,38,0],"gold":243,"neow_bonus":"RANDOM_COMMON_RELIC","is_prod":false,"is_daily":false,"chose_seed":false,"campfire_upgraded":1,"win_rate":0,"timestamp":1649192132,"path_taken":["M","?","M","M","M","E","R","E","T","?","E"],"build_version":"2022-03-07","purchased_purges":0,"victory":false,"max_hp_per_floor":[66,71,71,71,71,71,71,71,71,81,81],"relic_stats":{"Singing Bowl":0,"counters":[7,38],"CeramicFish":9,"Smiling Mask":0,"obtain_stats":[{"Anchor":0,"Pear":10,"Singing Bowl":6,"CeramicFish":8,"Smiling Mask":9,"Ring of the Snake":0},{"Anchor":0,"Pear":6,"Singing Bowl":5,"CeramicFish":6,"Smiling Mask":6,"Ring of the Snake":0},{"Anchor":0,"Pear":32,"Singing Bowl":29,"CeramicFish":32,"Smiling Mask":32,"Ring of the Snake":0}],"Ring of the Snake":[14]},"card_choices":[{"not_picked":["Backflip","Deadly Poison"],"picked":"Sucker Punch","floor":1.0},{"not_picked":["Sucker Punch","Expertise"],"picked":"Riddle With Holes","floor":3.0},{"not_picked":["Blade Dance","Dagger Spray"],"picked":"Masterful Stab","floor":4.0},{"not_picked":["Underhanded Strike","Deflect"],"picked":"Crippling Poison","floor":5.0},{"not_picked":["Prepared","Unload"],"picked":"Cloak And Dagger","floor":6.0},{"not_picked":["Outmaneuver","Crippling Poison"],"picked":"Poisoned Stab","floor":8.0}],"player_experience":724908,"relics_obtained":[{"floor":6.0,"key":"Singing Bowl"},{"floor":8.0,"key":"CeramicFish"},{"floor":9.0,"key":"Smiling Mask"},{"floor":10.0,"key":"Pear"}],"event_choices":[{"damage_healed":0.0,"max_hp_gain":5.0,"max_hp_loss":0.0,"gold_gain":0.0,"event_name":"Big Fish","player_choice":"Donut","floor":2.0,"gold_loss":0.0,"damage_taken":0.0}],"is_beta":false,"boss_relics":[],"items_purged_floors":[],"is_endless":false,"potions_floor_spawned":[3,6],"killed_by":"Lagavulin","ascension_level":20}