{"gold_per_floor":[112,131,150,225,225,225,251,33,79,79,110,110,110,110,110,186,186,198,33,33,45,45,45,73,87,137,166,66,78,78,108,108,180,180,190,190,190,105,123,157,157,186,186,213,230,264,318,349,349,349,349,349,349,59,93,93],"floor_reached":56,"playtime":4835,"items_purged":["Decay","Strike_G"],"score":2210,"play_id":"62973cac-fa63-4c71-913e-6cf496da8aff","local_time":"20220428035210","is_ascension_mode":true,"campfire_choices":[{"data":"Blade Dance","floor":6.0,"key":"SMITH"},{"data":"Venomology","floor":10.0,"key":"SMITH"},{"data":"Blade Dance","floor":12.0,"key":"SMITH"},{"data":"Neutralize","floor":15.0,"key":"SMITH"},{"data":"Phantasmal Killer","floor":23.0,"key":"SMITH"},{"data":"Calculated Gamble","floor":32.0,"key":"SMITH"},{"data":"Wraith Form v2","floor":41.0,"key":"SMITH"},{"floor":49.0,"key":"RECALL"},{"data":"Accuracy","floor":53,"key":"SMITH"}],"neow_cost":"CURSE","seed_source_timestamp":130051170513663,"circlet_count":0,"master_deck":["AscendersBane","Survivor","Neutralize+1","Venomology+1","Flying Knee+1","Blade Dance+1","Poisoned Stab","Blade Dance+1","Backstab","Flash of Steel","Deadly Poison","Phantasmal Killer+1","PiercingWail","Deflect+1","Calculated Gamble+1","Backflip","Corpse Explosion","Concentrate","Blur","Bullet Time","Wraith Form v2+1","Storm of Steel","Tactician","Dash","Deflect","Accuracy+1","Finisher","Reflex","Blur","Blade Dance+1","Backflip+1","PiercingWail"],"special_seed":0,"relics":["Ring of the Snake","Bronze Scales","Vajra","Ancient Tea Set","Bag of Preparation","Runic Pyramid","Happy Flower","Tiny Chest","Whetstone","Pantograph","Pandora\u0027s Box","The Courier","White Beast Statue","Shuriken","Blood Vial","Regal Pillow","Nunchaku","Omamori","Anchor","Lee\u0027s Waffle","Bottled Flame"],"potions_floor_usage":[50,50,55,55,56,56],"damage_taken":[{"damage":13.0,"enemies":"Jaw Worm","floor":1.0,"turns":10.0},{"damage":1.0,"enemies":"2 Louse","floor":2.0,"turns":2.0},{"damage":5.0,"enemies":"Small Slimes","floor":3.0,"turns":4.0},{"damage":8.0,"enemies":"Gremlin Nob","floor":7.0,"turns":3.0},{"damage":5.0,"enemies":"3 Sentries","floor":11.0,"turns":5.0},{"damage":19.0,"enemies":"The Guardian","floor":16.0,"turns":9.0},{"damage":6.0,"enemies":"2 Thieves","floor":18.0,"turns":3.0},{"damage":0.0,"enemies":"Spheric Guardian","floor":21.0,"turns":3.0},{"damage":2.0,"enemies":"Slavers","floor":24.0,"turns":5.0},{"damage":0.0,"enemies":"3 Cultists","floor":25.0,"turns":3.0},{"damage":0.0,"enemies":"Gremlin Leader","floor":27.0,"turns":5.0},{"damage":1.0,"enemies":"Cultist and Chosen","floor":29.0,"turns":5.0},{"damage":20.0,"enemies":"Slavers","floor":31.0,"turns":7.0},{"damage":21.0,"enemies":"Champ","floor":33.0,"turns":9.0},{"damage":0.0,"enemies":"3 Shapes","floor":35.0,"turns":4.0},{"damage":0.0,"enemies":"Orb Walker","floor":39.0,"turns":3.0},{"damage":3.0,"enemies":"Reptomancer","floor":40.0,"turns":5.0},{"damage":1.0,"enemies":"Giant Head","floor":42.0,"turns":7.0},{"damage":20.0,"enemies":"Reptomancer","floor":44.0,"turns":5.0},{"damage":3.0,"enemies":"Writhing Mass","floor":45.0,"turns":5.0},{"damage":0.0,"enemies":"Giant Head","floor":46.0,"turns":2.0},{"damage":6.0,"enemies":"Nemesis","floor":48.0,"turns":3.0},{"damage":28,"enemies":"Time Eater","floor":50,"turns":6},{"damage":14,"enemies":"Awakened One","floor":51,"turns":8},{"damage":31,"enemies":"Shield and Spear","floor":55,"turns":3},{"damage":130,"enemies":"The Heart","floor":56,"turns":8}],"seed_played":"-2404978588403775046","potions_obtained":[{"floor":1.0,"key":"Explosive Potion"},{"floor":2.0,"key":"Dexterity Potion"},{"floor":18.0,"key":"DistilledChaos"},{"floor":21.0,"key":"DuplicationPotion"},{"floor":27.0,"key":"Regen Potion"},{"floor":31.0,"key":"DistilledChaos"},{"floor":35.0,"key":"SteroidPotion"},{"floor":44.0,"key":"DuplicationPotion"},{"floor":45.0,"key":"SteroidPotion"},{"floor":46.0,"key":"FairyPotion"},{"floor":48.0,"key":"Fire Potion"},{"floor":55,"key":"SkillPotion"}],"is_trial":false,"path_per_floor":["M","M","M","?","?","R","E","$","T","R","E","R","?","?","R","B",null,"M","$","?","M","?","R","E","M","T","E","$","M","?","E","R","B",null,"M","?","?","$","M","E","R","E","T","E","M","E","T","E","R","B","B",null,"R","$","E","B"],"character_chosen":"THE_SILENT","items_purchased":["Backstab","Flash of Steel","Happy Flower","Reflex","PiercingWail","Anchor","Lee\u0027s Waffle"],"campfire_rested":0,"item_purchase_floors":[8,8,19,38,54,54,54],"current_hp_per_floor":[46,45,40,29,51,51,43,43,43,43,38,38,20,20,20,1,50,44,44,44,44,44,44,42,42,42,42,42,55,55,35,35,39,59,59,59,59,59,59,56,56,55,55,35,34,36,36,32,32,31,44,58,58,70,39,0],"gold":93,"neow_bonus":"THREE_RARE_CARDS","is_prod":false,"is_daily":false,"chose_seed":false,"campfire_upgraded":8,"win_rate":0,"timestamp":1651135930,"path_taken":["M","M","M","?","?","R","E","$","T","R","E","R","?","?","R","BOSS","M","?","?","?","?","R","E","M","T","E","$","M","?","E","R","BOSS","M","?","?","$","M","E","R","E","T","E","M","E","?","E","R","BOSS","BOSS","R","$","E","BOSS"],"build_version":"2022-03-07","purchased_purges":2,"victory":false,"max_hp_per_floor":[66,66,66,66,66,66,66,66,66,66,66,66,66,66,66,66,66,66,66,66,66,66,66,66,66,66,66,66,66,66,66,66,66,66,66,63,63,63,63,63,63,63,63,63,63,63,63,63,63,63,63,63,63,70,70,70],"relic_stats":{"Regal Pillow":0,"Lee\u0027s Waffle":12,"Happy Flower":[32],"counters":[26,132],"The Courier":72,"Bag of Preparation":[42],"Omamori":0,"Whetstone":["Strike_G","Flying Knee"],"Ancient Tea Set":[12],"White Beast Statue":[0.0,0.0,0.0,0.4,0.0,0.6000000000000001,0.0,0.0,0.0,0.0,0.0,2.1048000000000004],"Blood Vial":12,"Nunchaku":[13],"Bottled Flame":"Neutralize","Shuriken":[52],"Bronze Scales":[393],"Pantograph":100,"Tiny Chest":1,"Pandora\u0027s Box":["Wraith Form v2","Storm of Steel","Tactician","Dash","Deflect","Accuracy","Finisher"],"obtain_stats":[{"Regal Pillow":46,"Lee\u0027s Waffle":54,"Happy Flower":19,"Vajra":9,"The Courier":40,"Bag of Preparation":13,"Omamori":48,"Whetstone":27,"Ancient Tea Set":11,"White Beast Statue":42,"Blood Vial":44,"Nunchaku":47,"Anchor":54,"Bottled Flame":55,"Shuriken":43,"Bronze Scales":7,"Pantograph":31,"Tiny Chest":24,"Pandora\u0027s Box":34,"Ring of the Snake":0,"Runic Pyramid":17},{"Regal Pillow":21,"Lee\u0027s Waffle":24,"Happy Flower":7,"Vajra":4,"The Courier":17,"Bag of Preparation":5,"Omamori":22,"Whetstone":11,"Ancient Tea Set":5,"White Beast Statue":18,"Blood Vial":19,"Nunchaku":21,"Anchor":24,"Bottled Flame":25,"Shuriken":18,"Bronze Scales":4,"Pantograph":13,"Tiny Chest":9,"Pandora\u0027s Box":14,"Ring of the Snake":0,"Runic Pyramid":6},{"Regal Pillow":104,"Lee\u0027s Waffle":121,"Happy Flower":36,"Vajra":19,"The Courier":85,"Bag of Preparation":24,"Omamori":107,"Whetstone":52,"Ancient Tea Set":24,"White Beast Statue":92,"Blood Vial":97,"Nunchaku":104,"Anchor":121,"Bottled Flame":124,"Shuriken":92,"Bronze Scales":19,"Pantograph":64,"Tiny Chest":44,"Pandora\u0027s Box":73,"Ring of the Snake":0,"Runic Pyramid":33}],"Ring of the Snake":[52]},"card_choices":[{"not_picked":["Malaise","Night Terror"],"picked":"Venomology","floor":0.0},{"not_picked":["Slice","Escape Plan"],"picked":"Flying Knee","floor":1.0},{"not_picked":["PiercingWail","Catalyst"],"picked":"Blade Dance","floor":2.0},{"not_picked":["Deflect","Blur"],"picked":"Poisoned Stab","floor":3.0},{"not_picked":["Accuracy","Cloak And Dagger"],"picked":"Blade Dance","floor":7.0},{"not_picked":["Poisoned Stab","Prepared"],"picked":"Deadly Poison","floor":11.0},{"not_picked":["Doppelganger","Unload"],"picked":"Phantasmal Killer","floor":16.0},{"not_picked":["Predator","Setup"],"picked":"PiercingWail","floor":18.0},{"not_picked":["Deadly Poison","PiercingWail"],"picked":"Deflect+1","floor":21.0},{"not_picked":["Dagger Spray","Quick Slash"],"picked":"Calculated Gamble","floor":24.0},{"not_picked":["Outmaneuver","Cloak And Dagger"],"picked":"Backflip","floor":25.0},{"not_picked":["Poisoned Stab","Backflip"],"picked":"Corpse Explosion","floor":27.0},{"not_picked":["Distraction","Blur"],"picked":"Concentrate","floor":29.0},{"not_picked":["Cloak And Dagger","Slice"],"picked":"Blur","floor":31.0},{"not_picked":["Burst","Night Terror"],"picked":"Bullet Time","floor":33.0},{"not_picked":["Dagger Spray","Riddle With Holes","Caltrops"],"picked":"SKIP","floor":35.0},{"not_picked":["Dagger Spray","Slice+1"],"picked":"Blur","floor":39.0},{"not_picked":["Sucker Punch","Bouncing Flask","Cloak And Dagger"],"picked":"SKIP","floor":40.0},{"not_picked":["Slice","Flying Knee"],"picked":"Blade Dance+1","floor":42.0},{"not_picked":["Bane+1","Bouncing Flask+1","Venomology"],"picked":"SKIP","floor":44.0},{"not_picked":["Dodge and Roll+1","Blade Dance+1","Quick Slash"],"picked":"SKIP","floor":45.0},{"not_picked":["Calculated Gamble","Backflip","Tools of the Trade"],"picked":"SKIP","floor":46.0},{"not_picked":["Deflect","Quick Slash"],"picked":"Backflip+1","floor":48.0},{"not_picked":["Calculated Gamble+1","Well Laid Plans","Slice"],"picked":"SKIP","floor":55}],"player_experience":863660,"relics_obtained":[{"floor":7.0,"key":"Bronze Scales"},{"floor":9.0,"key":"Vajra"},{"floor":11.0,"key":"Ancient Tea Set"},{"floor":24.0,"key":"Tiny Chest"},{"floor":27.0,"key":"Whetstone"},{"floor":31.0,"key":"Pantograph"},{"floor":40.0,"key":"The Courier"},{"floor":42.0,"key":"White Beast Statue"},{"floor":43.0,"key":"Shuriken"},{"floor":44.0,"key":"Blood Vial"},{"floor":46.0,"key":"Regal Pillow"},{"floor":47.0,"key":"Nunchaku"},{"floor":48.0,"key":"Omamori"},{"floor":55,"key":"Bottled Flame"}],"event_choices":[{"damage_healed":0.0,"max_hp_gain":0.0,"max_hp_loss":0.0,"gold_gain":75.0,"event_name":"World of Goop","player_choice":"Gather Gold","floor":4.0,"gold_loss":0.0,"damage_taken":11.0},{"damage_healed":22.0,"max_hp_gain":0.0,"max_hp_loss":0.0,"gold_gain":0.0,"event_name":"Big Fish","player_choice":"Banana","floor":5.0,"gold_loss":0.0,"damage_taken":0.0},{"damage_healed":0.0,"max_hp_gain":0.0,"max_hp_loss":0.0,"gold_gain":0.0,"event_name":"Scrap Ooze","player_choice":"Success","floor":13.0,"gold_loss":0.0,"damage_taken":18.0,"relics_obtained":["Bag of Preparation"]},{"cards_removed":["Strike_G"],"damage_healed":0.0,"max_hp_gain":0.0,"max_hp_loss":0.0,"gold_gain":0.0,"event_name":"Wheel of Change","player_choice":"Card Removal","floor":14.0,"gold_loss":0.0,"damage_taken":0.0},{"cards_removed":["Defend_G"],"damage_healed":0.0,"max_hp_gain":0.0,"max_hp_loss":0.0,"gold_gain":0.0,"event_name":"Bonfire Elementals","player_choice":"Offered Basic","floor":20.0,"gold_loss":0.0,"damage_taken":0.0},{"damage_healed":0.0,"max_hp_gain":0.0,"max_hp_loss":0.0,"gold_gain":0.0,"event_name":"Cursed Tome","player_choice":"Ignored","floor":22.0,"gold_loss":0.0,"damage_taken":0.0},{"damage_healed":0.0,"max_hp_gain":0.0,"max_hp_loss":0.0,"gold_gain":0.0,"event_name":"The Mausoleum","player_choice":"Ignored","floor":30.0,"gold_loss":0.0,"damage_taken":0.0},{"damage_healed":0.0,"max_hp_gain":0.0,"max_hp_loss":3.0,"gold_gain":0.0,"event_name":"Winding Halls","player_choice":"Max HP","floor":36.0,"gold_loss":0.0,"damage_taken":0.0},{"damage_healed":0.0,"max_hp_gain":0.0,"max_hp_loss":0.0,"gold_gain":0.0,"event_name":"Tomb of Lord Red Mask","player_choice":"Ignored","floor":37.0,"gold_loss":0.0,"damage_taken":0.0}],"is_beta":false,"boss_relics":[{"not_picked":["WristBlade","Velvet Choker"],"picked":"Runic Pyramid"},{"not_picked":["Runic Dome","SlaversCollar"],"picked":"Pandora\u0027s Box"}],"items_purged_floors":[8,28],"is_endless":false,"potions_floor_spawned":[1,2,18,21,27,31,35,39,44,45,46,48,55],"killed_by":"The Heart","ascension_level":20}