{"gold_per_floor":[215,228,7,19,30,63,77,77,125,141,156,173,173,138,138,216,216,235,235,235,247,172,206,206,231,231,263,275,275,275,295,295,295],"floor_reached":33,"playtime":2176,"items_purged":[],"score":768,"play_id":"ef71d136-3d41-4b94-9536-7a9a9f0c55a8","local_time":"20220430054312","is_ascension_mode":true,"campfire_choices":[{"floor":8.0,"key":"REST"},{"data":"Bouncing Flask","floor":13.0,"key":"SMITH"},{"data":"Catalyst","floor":15.0,"key":"SMITH"},{"data":"RitualDagger","floor":24.0,"key":"SMITH"},{"data":"Noxious Fumes","floor":29,"key":"SMITH"},{"data":"1","floor":32,"key":"LIFT"}],"neow_cost":"NONE","seed_source_timestamp":256557205743960,"circlet_count":0,"master_deck":["AscendersBane","Strike_G","Strike_G","Strike_G","Strike_G","Defend_G","Defend_G","Defend_G","Defend_G","Defend_G","Survivor","Neutralize","Leg Sweep","Flying Knee","Poisoned Stab","Skewer","Catalyst+1","Bullet Time","PiercingWail","Bouncing Flask+1","Die Die Die","RitualDagger+1","Terror+1","Noxious Fumes+1"],"special_seed":0,"relics":["Ring of the Snake","TwistedFunnel","White Beast Statue","Runic Pyramid","MutagenicStrength","Bottled Lightning","Oddly Smooth Stone","Girya","Ginger"],"potions_floor_usage":[27,27,31,33],"damage_taken":[{"damage":10.0,"enemies":"Cultist","floor":1.0,"turns":5.0},{"damage":4.0,"enemies":"Jaw Worm","floor":2.0,"turns":6.0},{"damage":0.0,"enemies":"2 Louse","floor":4.0,"turns":2.0},{"damage":0.0,"enemies":"2 Fungi Beasts","floor":5.0,"turns":2.0},{"damage":42.0,"enemies":"3 Sentries","floor":6.0,"turns":11.0},{"damage":0.0,"enemies":"Blue Slaver","floor":7.0,"turns":3.0},{"damage":0.0,"enemies":"Looter","floor":10.0,"turns":3.0},{"damage":0.0,"enemies":"Exordium Wildlife","floor":11.0,"turns":2.0},{"damage":0.0,"enemies":"3 Louse","floor":12.0,"turns":2.0},{"damage":0.0,"enemies":"Slime Boss","floor":16.0,"turns":5.0},{"damage":5.0,"enemies":"Shell Parasite","floor":18.0,"turns":3.0},{"damage":2.0,"enemies":"2 Thieves","floor":21.0,"turns":3.0},{"damage":13.0,"enemies":"Gremlin Leader","floor":23.0,"turns":5.0},{"damage":24.0,"enemies":"Slavers","floor":25.0,"turns":4.0},{"damage":0,"enemies":"Gremlin Leader","floor":27,"turns":4},{"damage":3,"enemies":"Centurion and Healer","floor":28,"turns":4},{"damage":9,"enemies":"Shelled Parasite and Fungi","floor":31,"turns":4},{"damage":12,"enemies":"Collector","floor":33,"turns":3}],"seed_played":"-7633071870858307243","potions_obtained":[{"floor":1.0,"key":"Strength Potion"},{"floor":7.0,"key":"DistilledChaos"},{"floor":11.0,"key":"Fire Potion"},{"floor":12.0,"key":"FearPotion"},{"floor":16.0,"key":"Regen Potion"},{"floor":18.0,"key":"PowerPotion"},{"floor":21.0,"key":"Strength Potion"},{"floor":23.0,"key":"Energy Potion"},{"floor":25.0,"key":"Strength Potion"},{"floor":27,"key":"ColorlessPotion"},{"floor":28,"key":"Dexterity Potion"},{"floor":31,"key":"DuplicationPotion"}],"is_trial":false,"path_per_floor":["M","M","$","M","M","E","M","R","T","M","M","M","R","?","R","B",null,"M","?","?","M","?","E","R","E","T","E","M","R","?","M","R","B"],"character_chosen":"THE_SILENT","items_purchased":["TwistedFunnel","Poisoned Stab"],"campfire_rested":1,"item_purchase_floors":[3,3],"current_hp_per_floor":[49,45,45,45,45,3,3,22,22,22,22,22,22,38,38,38,59,54,48,48,46,46,48,48,24,24,24,21,21,21,12,12,0],"gold":295,"neow_bonus":"HUNDRED_GOLD","is_prod":false,"is_daily":false,"chose_seed":false,"campfire_upgraded":4,"win_rate":0,"timestamp":1651315392,"path_taken":["M","?","$","M","M","E","M","R","T","M","M","M","R","?","R","BOSS","M","?","?","M","?","E","R","E","T","E","M","R","?","M","R","BOSS"],"build_version":"2022-03-07","purchased_purges":0,"victory":false,"max_hp_per_floor":[66,66,66,66,66,66,66,66,66,66,66,66,66,66,66,66,66,66,66,66,66,66,66,66,66,66,66,66,66,66,66,66,66],"relic_stats":{"Girya":1,"counters":[18,71],"Bottled Lightning":"PiercingWail","Ginger":[0],"obtain_stats":[{"TwistedFunnel":3,"Girya":26,"MutagenicStrength":20,"Oddly Smooth Stone":25,"Bottled Lightning":23,"Ginger":27,"White Beast Statue":6,"Ring of the Snake":0,"Runic Pyramid":17},{"TwistedFunnel":2,"Girya":14,"MutagenicStrength":11,"Oddly Smooth Stone":14,"Bottled Lightning":13,"Ginger":15,"White Beast Statue":5,"Ring of the Snake":0,"Runic Pyramid":10},{"TwistedFunnel":11,"Girya":56,"MutagenicStrength":44,"Oddly Smooth Stone":56,"Bottled Lightning":52,"Ginger":60,"White Beast Statue":26,"Ring of the Snake":0,"Runic Pyramid":41}],"White Beast Statue":[0.0,0.02499840000000001,0.0,0.27258880000000013,0.0,0.4967808000000003,0.0,0.1935360000000001,0.0,0.012096000000000006,0.0,6.277177600000002],"Ring of the Snake":[36]},"card_choices":[{"not_picked":["Tactician","Dagger Spray"],"picked":"Leg Sweep","floor":1.0},{"not_picked":["Sucker Punch","Reflex"],"picked":"Flying Knee","floor":2.0},{"not_picked":["Sucker Punch","Caltrops"],"picked":"Skewer","floor":4.0},{"not_picked":["Underhanded Strike","Sucker Punch"],"picked":"Catalyst","floor":5.0},{"not_picked":["Backflip","Tactician"],"picked":"Bullet Time","floor":6.0},{"not_picked":["Distraction","Choke"],"picked":"PiercingWail","floor":7.0},{"not_picked":["Dagger Throw","Deflect"],"picked":"Bouncing Flask","floor":10.0},{"not_picked":["Endless Agony","Riddle With Holes","Dash"],"picked":"SKIP","floor":11.0},{"not_picked":["Poisoned Stab","Dagger Throw","Prepared"],"picked":"SKIP","floor":12.0},{"not_picked":["Glass Knife","Grand Finale"],"picked":"Die Die Die","floor":16.0},{"not_picked":["Setup","Quick Slash","Reflex"],"picked":"SKIP","floor":18.0},{"not_picked":["Dodge and Roll","Bane+1"],"picked":"Terror+1","floor":21.0},{"not_picked":["Underhanded Strike","Outmaneuver","Bouncing Flask"],"picked":"SKIP","floor":23.0},{"not_picked":["Cloak And Dagger","Quick Slash","Dash"],"picked":"SKIP","floor":25.0},{"not_picked":["Distraction","Quick Slash"],"picked":"Noxious Fumes","floor":27},{"not_picked":["Quick Slash","Sucker Punch","Blade Dance+1"],"picked":"SKIP","floor":28},{"not_picked":["Flechettes","Bane","Cloak And Dagger"],"picked":"SKIP","floor":31}],"player_experience":898925,"relics_obtained":[{"floor":6.0,"key":"White Beast Statue"},{"floor":23.0,"key":"Bottled Lightning"},{"floor":25.0,"key":"Oddly Smooth Stone"},{"floor":26.0,"key":"Girya"},{"floor":27,"key":"Ginger"}],"event_choices":[{"damage_healed":16.0,"max_hp_gain":0.0,"max_hp_loss":0.0,"gold_gain":0.0,"event_name":"The Cleric","player_choice":"Healed","floor":14.0,"gold_loss":35.0,"damage_taken":0.0},{"damage_healed":0.0,"max_hp_gain":0.0,"max_hp_loss":0.0,"gold_gain":0.0,"event_name":"Nest","player_choice":"Joined the Cult","floor":19.0,"gold_loss":0.0,"damage_taken":6.0,"cards_obtained":["RitualDagger"]},{"damage_healed":0.0,"max_hp_gain":0.0,"max_hp_loss":0.0,"gold_gain":0.0,"event_name":"Drug Dealer","player_choice":"Inject Mutagens","floor":20.0,"gold_loss":0.0,"damage_taken":0.0,"relics_obtained":["MutagenicStrength"]},{"cards_removed":["Strike_G"],"damage_healed":0.0,"max_hp_gain":0.0,"max_hp_loss":0.0,"gold_gain":0.0,"event_name":"Beggar","player_choice":"Gave Gold","floor":22.0,"gold_loss":75.0,"damage_taken":0.0},{"damage_healed":0,"gold_gain":0,"player_choice":"Ignored","damage_taken":0,"max_hp_gain":0,"max_hp_loss":0,"event_name":"Ghosts","floor":30,"gold_loss":0}],"is_beta":false,"boss_relics":[{"not_picked":["Black Star","Cursed Key"],"picked":"Runic Pyramid"}],"items_purged_floors":[],"is_endless":false,"potions_floor_spawned":[1,7,10,11,12,16,18,21,23,25,27,28,31],"killed_by":"Collector","ascension_level":20}