{"gold_per_floor":[118,131,131,141,141,141,168,168,168,182,209,222,234,262,262,334,334,345,260,274,274,48,48,78,18,72,83,83,109,120,120],"floor_reached":31,"playtime":2737,"items_purged":["Strike_G"],"score":590,"play_id":"9e05e721-4728-40fc-985d-72a939e8a71e","local_time":"20220813213412","is_ascension_mode":true,"campfire_choices":[{"data":"Neutralize","floor":6.0,"key":"SMITH"},{"data":"Crippling Poison","floor":15.0,"key":"SMITH"},{"floor":23.0,"key":"REST"},{"data":"Skewer","floor":28.0,"key":"SMITH"}],"neow_cost":"NONE","seed_source_timestamp":417749421628524,"circlet_count":0,"master_deck":["AscendersBane","Strike_G","Strike_G","Strike_G","Defend_G","Defend_G","Defend_G","Defend_G","Defend_G","Survivor","Neutralize+1","Deadly Poison","Well Laid Plans+1","Flying Knee","Crippling Poison+1","Skewer+1","Backstab","Footwork+1","Envenom+1","Caltrops+1","Acrobatics","Pain","Terror","Noxious Fumes+1","Backstab+1"],"special_seed":0,"relics":["Ring of the Snake","Nunchaku","Du-Vu Doll","The Courier","Bag of Preparation","Frozen Egg 2","Cursed Key","InkBottle","Nilry\u0027s Codex","Question Card","FossilizedHelix","Blue Candle"],"potions_floor_usage":[],"damage_taken":[{"damage":5.0,"enemies":"Small Slimes","floor":1.0,"turns":5.0},{"damage":0.0,"enemies":"Jaw Worm","floor":2.0,"turns":4.0},{"damage":2.0,"enemies":"2 Louse","floor":4.0,"turns":4.0},{"damage":16.0,"enemies":"Lagavulin","floor":7.0,"turns":10.0},{"damage":10.0,"enemies":"Exordium Thugs","floor":10.0,"turns":5.0},{"damage":19.0,"enemies":"3 Sentries","floor":11.0,"turns":13.0},{"damage":4.0,"enemies":"Looter","floor":12.0,"turns":4.0},{"damage":0.0,"enemies":"2 Fungi Beasts","floor":13.0,"turns":2.0},{"damage":4.0,"enemies":"Lagavulin","floor":14.0,"turns":6.0},{"damage":3.0,"enemies":"Hexaghost","floor":16.0,"turns":13.0},{"damage":0.0,"enemies":"Chosen","floor":18.0,"turns":6.0},{"damage":10.0,"enemies":"Spheric Guardian","floor":20.0,"turns":6.0},{"damage":9.0,"enemies":"Book of Stabbing","floor":24.0,"turns":7.0},{"damage":6.0,"enemies":"Shelled Parasite and Fungi","floor":27.0,"turns":4.0},{"damage":6.0,"enemies":"Slavers","floor":29.0,"turns":4.0},{"damage":1,"enemies":"Centurion and Healer","floor":30,"turns":4},{"damage":26,"enemies":"Gremlin Leader","floor":31,"turns":4}],"seed_played":"-5568000218585880519","potions_obtained":[{"floor":10.0,"key":"GhostInAJar"},{"floor":11.0,"key":"ColorlessPotion"},{"floor":12.0,"key":"CunningPotion"},{"floor":13.0,"key":"CultistPotion"},{"floor":18.0,"key":"LiquidBronze"},{"floor":20.0,"key":"Energy Potion"},{"floor":27.0,"key":"CunningPotion"},{"floor":30,"key":"AttackPotion"}],"is_trial":false,"path_per_floor":["M","M","?","M","?","R","E","?","T","M","E","M","M","E","R","B",null,"M","?","M","?","$","R","E","$","T","M","R","E","M","E"],"character_chosen":"THE_SILENT","items_purchased":["Question Card"],"campfire_rested":1,"item_purchase_floors":[22],"current_hp_per_floor":[54,54,54,52,45,45,29,66,66,56,37,33,33,29,29,26,56,56,56,46,25,25,44,35,35,35,29,29,23,22,0],"gold":120,"neow_bonus":"RANDOM_COMMON_RELIC","is_prod":false,"is_daily":false,"chose_seed":false,"campfire_upgraded":3,"win_rate":0,"timestamp":1660444452,"path_taken":["M","M","?","M","?","R","E","?","T","M","E","M","?","E","R","BOSS","M","?","M","?","?","R","E","$","T","M","R","E","?","E"],"build_version":"2022-03-07","purchased_purges":1,"victory":false,"max_hp_per_floor":[66,66,66,66,66,66,66,66,66,66,66,66,66,66,66,66,66,66,66,66,66,66,66,66,66,66,66,66,66,66,66],"relic_stats":{"Nunchaku":[15],"counters":[17,101],"Nilry\u0027s Codex":[1,10,5,4],"Blue Candle":[1],"The Courier":72,"Bag of Preparation":[22],"Cursed Key":1,"Question Card":4,"obtain_stats":[{"Du-Vu Doll":7,"Nunchaku":0,"Nilry\u0027s Codex":21,"Blue Candle":29,"The Courier":9,"Bag of Preparation":11,"Frozen Egg 2":14,"Cursed Key":17,"Question Card":22,"InkBottle":19,"FossilizedHelix":24,"Ring of the Snake":0},{"Du-Vu Doll":4,"Nunchaku":0,"Nilry\u0027s Codex":12,"Blue Candle":15,"The Courier":4,"Bag of Preparation":6,"Frozen Egg 2":9,"Cursed Key":10,"Question Card":12,"InkBottle":11,"FossilizedHelix":13,"Ring of the Snake":0},{"Du-Vu Doll":23,"Nunchaku":0,"Nilry\u0027s Codex":78,"Blue Candle":93,"The Courier":23,"Bag of Preparation":41,"Frozen Egg 2":53,"Cursed Key":66,"Question Card":78,"InkBottle":72,"FossilizedHelix":85,"Ring of the Snake":0}],"InkBottle":[12],"FossilizedHelix":[31],"Ring of the Snake":[34]},"card_choices":[{"not_picked":["Sucker Punch","Tactician"],"picked":"Deadly Poison","floor":1.0},{"not_picked":["Deflect","Calculated Gamble"],"picked":"Well Laid Plans","floor":2.0},{"not_picked":["Footwork","Slice"],"picked":"Flying Knee","floor":4.0},{"not_picked":["Doppelganger","Acrobatics"],"picked":"Calculated Gamble","floor":7.0},{"not_picked":["Cloak And Dagger","Flying Knee"],"picked":"Crippling Poison","floor":10.0},{"not_picked":["Blade Dance","Dodge and Roll"],"picked":"Skewer","floor":11.0},{"not_picked":["Riddle With Holes","Dagger Throw"],"picked":"Backstab","floor":12.0},{"not_picked":["Flying Knee","Dodge and Roll","Bane"],"picked":"SKIP","floor":13.0},{"not_picked":["Leg Sweep","Finisher"],"picked":"Footwork+1","floor":14.0},{"not_picked":["Grand Finale","Phantasmal Killer"],"picked":"Envenom+1","floor":16.0},{"not_picked":["Outmaneuver","Distraction"],"picked":"Caltrops+1","floor":18.0},{"not_picked":["Dagger Throw","Heel Hook"],"picked":"Acrobatics","floor":20.0},{"not_picked":["Slice","Masterful Stab","Outmaneuver","Dagger Spray"],"picked":"SKIP","floor":24.0},{"not_picked":["PiercingWail","Dash","Underhanded Strike+1"],"picked":"Terror","floor":27.0},{"not_picked":["PiercingWail+1","Endless Agony","Dodge and Roll"],"picked":"Noxious Fumes+1","floor":29.0},{"not_picked":["Masterful Stab","Reflex","Underhanded Strike"],"picked":"Backstab+1","floor":30}],"player_experience":1021766,"relics_obtained":[{"floor":7.0,"key":"Du-Vu Doll"},{"floor":9.0,"key":"The Courier"},{"floor":11.0,"key":"Bag of Preparation"},{"floor":14.0,"key":"Frozen Egg 2"},{"floor":21.0,"key":"Nilry\u0027s Codex"},{"floor":24.0,"key":"FossilizedHelix"},{"floor":29.0,"key":"Blue Candle"}],"event_choices":[{"damage_healed":0.0,"max_hp_gain":0.0,"max_hp_loss":0.0,"gold_gain":0.0,"event_name":"Living Wall","player_choice":"Grow","floor":3.0,"gold_loss":0.0,"damage_taken":0.0,"cards_upgraded":["Well Laid Plans"]},{"cards_removed":["Strike_G"],"damage_healed":0.0,"max_hp_gain":0.0,"max_hp_loss":0.0,"gold_gain":0.0,"event_name":"Golden Wing","player_choice":"Card Removal","floor":5.0,"gold_loss":0.0,"damage_taken":7.0},{"cards_removed":["Calculated Gamble"],"damage_healed":37.0,"max_hp_gain":0.0,"max_hp_loss":0.0,"gold_gain":0.0,"event_name":"Bonfire Elementals","player_choice":"Offered Uncommon","floor":8.0,"gold_loss":0.0,"damage_taken":0.0},{"damage_healed":0.0,"max_hp_gain":0.0,"max_hp_loss":0.0,"gold_gain":0.0,"event_name":"Addict","player_choice":"Obtained Relic","floor":19.0,"gold_loss":85.0,"damage_taken":0.0,"relics_obtained":["InkBottle"]},{"damage_healed":0.0,"max_hp_gain":0.0,"max_hp_loss":0.0,"gold_gain":0.0,"event_name":"Cursed Tome","player_choice":"Obtained Book","floor":21.0,"gold_loss":0.0,"damage_taken":21.0}],"is_beta":false,"boss_relics":[{"not_picked":["Calling Bell","Ring of the Serpent"],"picked":"Cursed Key"}],"items_purged_floors":[25],"is_endless":false,"potions_floor_spawned":[10,11,12,13,18,20,27,30],"killed_by":"Gremlin Leader","ascension_level":20}