{"gold_per_floor":[20,20,20,20,43,43,59,59],"floor_reached":8,"playtime":454,"items_purged":[],"score":92,"play_id":"224a20cb-30c9-49cb-975c-dd6ce384ddd4","local_time":"20220815024712","is_ascension_mode":true,"campfire_choices":[{"data":"Blade Dance","floor":6,"key":"SMITH"}],"neow_cost":"NO_GOLD","seed_source_timestamp":512809036055642,"circlet_count":0,"master_deck":["AscendersBane","Strike_G","Strike_G","Strike_G","Strike_G","Strike_G","Defend_G","Defend_G","Defend_G","Defend_G","Defend_G","Survivor","Neutralize","Wraith Form v2+1","Poisoned Stab","Blade Dance+1","Dagger Spray"],"special_seed":0,"relics":["Ring of the Snake","Golden Idol"],"potions_floor_usage":[8],"damage_taken":[{"damage":0,"enemies":"Jaw Worm","floor":1,"turns":5},{"damage":1,"enemies":"Small Slimes","floor":5,"turns":5},{"damage":0,"enemies":"2 Louse","floor":7,"turns":3},{"damage":51,"enemies":"Lagavulin","floor":8,"turns":11}],"seed_played":"1586380624034760871","potions_obtained":[{"floor":5,"key":"Energy Potion"}],"is_trial":false,"path_per_floor":["M","?","?","$","M","R","M","E"],"character_chosen":"THE_SILENT","items_purchased":[],"campfire_rested":0,"item_purchase_floors":[],"current_hp_per_floor":[59,59,59,59,58,58,58,7],"gold":59,"neow_bonus":"THREE_RARE_CARDS","is_prod":false,"is_daily":false,"chose_seed":false,"campfire_upgraded":1,"win_rate":0,"timestamp":1660556832,"path_taken":["M","?","?","$","M","R","?","E"],"build_version":"2022-03-07","purchased_purges":0,"victory":false,"max_hp_per_floor":[66,66,60,60,60,60,60,60],"relic_stats":{"counters":[4,24],"Golden Idol":8,"obtain_stats":[{"Golden Idol":3,"Ring of the Snake":0},{"Golden Idol":1,"Ring of the Snake":0},{"Golden Idol":5,"Ring of the Snake":0}],"Ring of the Snake":[8]},"card_choices":[{"not_picked":["Adrenaline","Storm of Steel"],"picked":"Wraith Form v2","floor":0.0},{"not_picked":["Dodge and Roll","Endless Agony"],"picked":"Poisoned Stab","floor":1},{"not_picked":["Acrobatics","All Out Attack"],"picked":"Blade Dance","floor":5},{"not_picked":["PiercingWail","Quick Slash"],"picked":"Dagger Spray","floor":7}],"player_experience":1024761,"relics_obtained":[],"event_choices":[{"damage_healed":0,"gold_gain":0,"player_choice":"Grow","damage_taken":0,"max_hp_gain":0,"max_hp_loss":0,"event_name":"Living Wall","floor":2,"gold_loss":0,"cards_upgraded":["Wraith Form v2"]},{"damage_healed":0,"gold_gain":0,"player_choice":"Lose Max HP","damage_taken":0,"relics_obtained":["Golden Idol"],"max_hp_gain":0,"max_hp_loss":6,"event_name":"Golden Idol","floor":3,"gold_loss":0}],"is_beta":false,"boss_relics":[],"items_purged_floors":[],"is_endless":false,"potions_floor_spawned":[5],"killed_by":"Lagavulin","ascension_level":20}