{"gold_per_floor":[359,359,371,50,70,70,105,121,145,179,235,247,286,313,325,410,422,446,471,483,513,541,579,591,450,475,475,509,509,527,543,543,622,622,634,651,0,17,35,35,60,72,72,0,27,47,47,62,62,62,62],"floor_reached":51,"playtime":3767,"items_purged":["Strike_G"],"score":1567,"play_id":"ff0fe9d6-18f9-4308-b4e7-a488a123a8eb","local_time":"20220822164449","is_ascension_mode":true,"campfire_choices":[{"data":"Noxious Fumes","floor":6.0,"key":"SMITH"},{"data":"Bouncing Flask","floor":12.0,"key":"SMITH"},{"data":"Deadly Poison","floor":15.0,"key":"SMITH"},{"data":"Catalyst","floor":27.0,"key":"SMITH"},{"data":"Burst","floor":32.0,"key":"SMITH"},{"data":"Leg Sweep","floor":40.0,"key":"SMITH"},{"data":"Acrobatics","floor":47.0,"key":"SMITH"},{"floor":49.0,"key":"RECALL"}],"neow_cost":"TEN_PERCENT_HP_LOSS","seed_source_timestamp":0,"circlet_count":0,"master_deck":["AscendersBane","Strike_G","Strike_G","Strike_G","Strike_G","Defend_G","Defend_G","Defend_G","Defend_G","Defend_G","Survivor","Neutralize","Bouncing Flask+1","Noxious Fumes+1","Blade Dance","Leg Sweep+1","PiercingWail","Deadly Poison+1","Bane","Dash","Burst+1","Backflip","Acrobatics+1","Catalyst+1","Deflect+1","Bane+1","Noxious Fumes"],"special_seed":0,"relics":["Ring of the Snake","StoneCalendar","Meat on the Bone","Dream Catcher","Toy Ornithopter","InkBottle","MawBank","Strawberry","Busted Crown","Incense Burner","Snake Skull","MealTicket","Turnip","Bottled Tornado","Black Star","Gambling Chip","Potion Belt","ClockworkSouvenir","Molten Egg 2","Bird Faced Urn","Red Mask","Prayer Wheel","Letter Opener"],"potions_floor_usage":[50,50,50],"damage_taken":[{"damage":0.0,"enemies":"Cultist","floor":1.0,"turns":3.0},{"damage":0.0,"enemies":"2 Louse","floor":3.0,"turns":4.0},{"damage":0.0,"enemies":"Small Slimes","floor":5.0,"turns":4.0},{"damage":35.0,"enemies":"Gremlin Nob","floor":7.0,"turns":4.0},{"damage":0.0,"enemies":"Blue Slaver","floor":8.0,"turns":5.0},{"damage":15.0,"enemies":"3 Sentries","floor":10.0,"turns":7.0},{"damage":32.0,"enemies":"3 Sentries","floor":11.0,"turns":6.0},{"damage":10.0,"enemies":"Lagavulin","floor":13.0,"turns":6.0},{"damage":9.0,"enemies":"Looter","floor":14.0,"turns":4.0},{"damage":2.0,"enemies":"The Guardian","floor":16.0,"turns":7.0},{"damage":11.0,"enemies":"Shell Parasite","floor":18.0,"turns":5.0},{"damage":1.0,"enemies":"3 Byrds","floor":19.0,"turns":4.0},{"damage":15.0,"enemies":"Snecko","floor":21.0,"turns":6.0},{"damage":16.0,"enemies":"Snake Plant","floor":22.0,"turns":5.0},{"damage":0.0,"enemies":"Gremlin Leader","floor":23.0,"turns":6.0},{"damage":11.0,"enemies":"Slavers","floor":28.0,"turns":5.0},{"damage":0.0,"enemies":"3 Cultists","floor":30.0,"turns":4.0},{"damage":5.0,"enemies":"Shelled Parasite and Fungi","floor":31.0,"turns":6.0},{"damage":25.0,"enemies":"Champ","floor":33.0,"turns":7.0},{"damage":0.0,"enemies":"3 Shapes","floor":35.0,"turns":7.0},{"damage":2.0,"enemies":"3 Darklings","floor":36.0,"turns":5.0},{"damage":6.0,"enemies":"Transient","floor":38.0,"turns":6.0},{"damage":0.0,"enemies":"Sphere and 2 Shapes","floor":39.0,"turns":6.0},{"damage":25.0,"enemies":"Giant Head","floor":41.0,"turns":5.0},{"damage":7.0,"enemies":"3 Darklings","floor":42.0,"turns":6.0},{"damage":4.0,"enemies":"Reptomancer","floor":45.0,"turns":2.0},{"damage":2.0,"enemies":"Transient","floor":46.0,"turns":6.0},{"damage":0.0,"enemies":"4 Shapes","floor":48.0,"turns":6.0},{"damage":63,"enemies":"Awakened One","floor":50,"turns":12},{"damage":58,"enemies":"Donu and Deca","floor":51,"turns":6}],"seed_played":"-1561918014248584459","potions_obtained":[{"floor":1.0,"key":"EntropicBrew"},{"floor":3.0,"key":"CunningPotion"},{"floor":7.0,"key":"Poison Potion"},{"floor":22.0,"key":"Poison Potion"},{"floor":28.0,"key":"BlessingOfTheForge"},{"floor":31.0,"key":"Block Potion"},{"floor":36.0,"key":"GamblersBrew"},{"floor":41.0,"key":"Swift Potion"},{"floor":42.0,"key":"Fire Potion"},{"floor":46.0,"key":"Poison Potion"}],"is_trial":false,"path_per_floor":["M","T","M","$","M","R","E","M","T","E","?","R","E","M","R","B",null,"M","M","?","M","M","E","?","$","T","R","E","T","M","M","R","B",null,"M","M","$","M","M","R","E","M","T","?","E","M","R","M","R","B","B"],"character_chosen":"THE_SILENT","items_purchased":["Meat on the Bone","Noxious Fumes","Catalyst","Gambling Chip","Potion Belt","ClockworkSouvenir"],"campfire_rested":0,"item_purchase_floors":[4,4,25,37,37,37],"current_hp_per_floor":[59,59,59,59,59,59,36,36,36,38,18,18,27,30,30,40,60,49,48,48,45,41,41,41,41,41,41,35,35,35,42,42,29,58,58,61,67,61,61,61,36,43,43,43,39,39,39,41,41,35,0],"gold":62,"neow_bonus":"TWO_FIFTY_GOLD","is_prod":false,"is_daily":false,"chose_seed":false,"campfire_upgraded":7,"win_rate":0,"timestamp":1661211889,"path_taken":["M","?","M","$","M","R","E","M","T","E","?","R","E","M","R","BOSS","M","M","?","M","?","E","?","$","T","R","E","?","M","M","R","BOSS","M","M","$","M","M","R","E","M","T","?","E","M","R","M","R","BOSS","BOSS"],"build_version":"2022-03-07","purchased_purges":1,"victory":false,"max_hp_per_floor":[60,60,60,60,60,60,60,60,60,60,60,60,67,67,67,67,67,67,67,67,67,67,67,67,67,67,67,67,67,67,67,67,67,67,67,67,67,67,67,67,67,67,67,67,67,67,67,67,67,67,67],"relic_stats":{"counters":[30,165],"StoneCalendar":[145],"Snake Skull":[222],"Letter Opener":[149],"Bottled Tornado":"Noxious Fumes","MawBank":168,"Dream Catcher":0,"Busted Crown":40,"Gambling Chip":[26],"Bird Faced Urn":[14],"MealTicket":6,"Prayer Wheel":2,"Turnip":[9],"Black Star":2,"obtain_stats":[{"Potion Belt":37,"StoneCalendar":2,"Snake Skull":23,"Incense Burner":20,"Letter Opener":45,"Bottled Tornado":29,"MawBank":11,"ClockworkSouvenir":37,"Dream Catcher":7,"Busted Crown":17,"Strawberry":13,"Gambling Chip":37,"Bird Faced Urn":41,"MealTicket":26,"Molten Egg 2":41,"Prayer Wheel":45,"Turnip":28,"Black Star":34,"Red Mask":44,"Toy Ornithopter":9,"InkBottle":10,"Ring of the Snake":0,"Meat on the Bone":4},{"Potion Belt":21,"StoneCalendar":1,"Snake Skull":15,"Incense Burner":12,"Letter Opener":26,"Bottled Tornado":16,"MawBank":7,"ClockworkSouvenir":21,"Dream Catcher":4,"Busted Crown":10,"Strawberry":8,"Gambling Chip":21,"Bird Faced Urn":24,"MealTicket":15,"Molten Egg 2":24,"Prayer Wheel":26,"Turnip":16,"Black Star":19,"Red Mask":25,"Toy Ornithopter":5,"InkBottle":6,"Ring of the Snake":0,"Meat on the Bone":2},{"Potion Belt":110,"StoneCalendar":3,"Snake Skull":76,"Incense Burner":59,"Letter Opener":135,"Bottled Tornado":81,"MawBank":33,"ClockworkSouvenir":110,"Dream Catcher":15,"Busted Crown":50,"Strawberry":39,"Gambling Chip":110,"Bird Faced Urn":127,"MealTicket":76,"Molten Egg 2":127,"Prayer Wheel":135,"Turnip":81,"Black Star":98,"Red Mask":133,"Toy Ornithopter":20,"InkBottle":27,"Ring of the Snake":0,"Meat on the Bone":7}],"Toy Ornithopter":30,"InkBottle":[52],"Ring of the Snake":[60],"Meat on the Bone":144},"card_choices":[{"not_picked":["Flying Knee","Blade Dance"],"picked":"Bouncing Flask","floor":1.0},{"not_picked":["Backflip","Cloak And Dagger"],"picked":"Dagger Spray","floor":3.0},{"not_picked":["Backflip","Deadly Poison"],"picked":"Blade Dance","floor":5.0},{"not_picked":["Bane","Eviscerate"],"picked":"Leg Sweep","floor":7.0},{"not_picked":["Well Laid Plans","Poisoned Stab"],"picked":"PiercingWail","floor":8.0},{"not_picked":["Deflect","Predator"],"picked":"Deadly Poison","floor":10.0},{"not_picked":["Concentrate","Quick Slash"],"picked":"Bane","floor":11.0},{"not_picked":["Bane","Terror"],"picked":"Dash","floor":13.0},{"not_picked":["Grand Finale","Choke","Concentrate"],"picked":"SKIP","floor":14.0},{"not_picked":["Envenom","Storm of Steel"],"picked":"Burst","floor":16.0},{"not_picked":[],"picked":"Backflip","floor":18.0},{"not_picked":["Dodge and Roll"],"picked":"SKIP","floor":19.0},{"not_picked":[],"picked":"Acrobatics","floor":21.0},{"not_picked":["Deadly Poison"],"picked":"SKIP","floor":22.0},{"not_picked":["Tools of the Trade"],"picked":"SKIP","floor":23.0},{"not_picked":["Expertise"],"picked":"SKIP","floor":28.0},{"not_picked":["Dodge and Roll"],"picked":"SKIP","floor":30.0},{"not_picked":["Cloak And Dagger"],"picked":"SKIP","floor":31.0},{"not_picked":["Bouncing Flask"],"picked":"SKIP","floor":35.0},{"not_picked":["Quick Slash+1"],"picked":"SKIP","floor":36.0},{"not_picked":["Bouncing Flask"],"picked":"SKIP","floor":38.0},{"not_picked":["Deflect+1"],"picked":"SKIP","floor":39.0},{"not_picked":[],"picked":"Deflect+1","floor":39.0},{"not_picked":[],"picked":"Bane+1","floor":41.0},{"not_picked":["Dash+1"],"picked":"SKIP","floor":42.0},{"not_picked":["Outmaneuver"],"picked":"SKIP","floor":45.0},{"not_picked":["Concentrate"],"picked":"SKIP","floor":46.0},{"not_picked":["Bane+1"],"picked":"SKIP","floor":46.0},{"not_picked":[],"picked":"Noxious Fumes","floor":48.0},{"not_picked":["Dagger Spray+1"],"picked":"SKIP","floor":48.0}],"player_experience":1061270,"relics_obtained":[{"floor":2.0,"key":"StoneCalendar"},{"floor":7.0,"key":"Dream Catcher"},{"floor":9.0,"key":"Toy Ornithopter"},{"floor":10.0,"key":"InkBottle"},{"floor":11.0,"key":"MawBank"},{"floor":13.0,"key":"Strawberry"},{"floor":23.0,"key":"Snake Skull"},{"floor":26.0,"key":"MealTicket"},{"floor":28.0,"key":"Turnip"},{"floor":29.0,"key":"Bottled Tornado"},{"floor":41.0,"key":"Molten Egg 2"},{"floor":41.0,"key":"Bird Faced Urn"},{"floor":45.0,"key":"Prayer Wheel"},{"floor":45.0,"key":"Letter Opener"}],"event_choices":[{"damage_healed":0.0,"max_hp_gain":0.0,"max_hp_loss":0.0,"gold_gain":0.0,"event_name":"Dead Adventurer","player_choice":"Searched \u00272\u0027 times","floor":11.0,"gold_loss":0.0,"damage_taken":0.0},{"cards_removed":["Dagger Spray"],"damage_healed":0.0,"max_hp_gain":0.0,"max_hp_loss":0.0,"gold_gain":0.0,"event_name":"WeMeetAgain","player_choice":"Gave Card","floor":20.0,"gold_loss":0.0,"damage_taken":0.0,"relics_obtained":["Incense Burner"]},{"damage_healed":0.0,"max_hp_gain":0.0,"max_hp_loss":0.0,"gold_gain":0.0,"event_name":"Ghosts","player_choice":"Ignored","floor":24.0,"gold_loss":0.0,"damage_taken":0.0},{"damage_healed":0.0,"max_hp_gain":0.0,"max_hp_loss":0.0,"gold_gain":0.0,"event_name":"Tomb of Lord Red Mask","player_choice":"Paid","floor":44.0,"gold_loss":72.0,"damage_taken":0.0,"relics_obtained":["Red Mask"]}],"is_beta":false,"boss_relics":[{"not_picked":["Ring of the Serpent","Tiny House"],"picked":"Busted Crown"},{"not_picked":["Empty Cage","Astrolabe"],"picked":"Black Star"}],"items_purged_floors":[25],"is_endless":false,"potions_floor_spawned":[1,3,7,22,23,28,31,33,36,41,42,46],"killed_by":"Donu and Deca","ascension_level":20}