{"gold_per_floor":[118,118,118,128,144,175,175,201,253,253,253,270,303,313,313,386,386,402,413,688,701,719,719],"floor_reached":23,"playtime":1278,"items_purged":[],"score":426,"play_id":"457bdd72-5732-48c8-bec4-7dafec301446","local_time":"20220824202050","is_ascension_mode":true,"campfire_choices":[{"data":"Crippling Poison","floor":7,"key":"SMITH"},{"data":"Bouncing Flask","floor":10,"key":"SMITH"},{"data":"Poisoned Stab","floor":15,"key":"SMITH"}],"neow_cost":"NONE","seed_source_timestamp":164819549713988,"circlet_count":0,"master_deck":["AscendersBane","Strike_G","Strike_G","Strike_G","Strike_G","Strike_G","Defend_G","Defend_G","Defend_G+1","Defend_G","Survivor+1","Neutralize","Crippling Poison+1","Poisoned Stab+1","Dagger Throw","Doppelganger","Bouncing Flask+1","Pain","Wraith Form v2","PiercingWail","Noxious Fumes","Regret"],"special_seed":0,"relics":["Velvet Choker","Darkstone Periapt","Vajra","WarpedTongs","War Paint","Black Star"],"potions_floor_usage":[6,13,18,23],"damage_taken":[{"damage":1.0,"enemies":"Small Slimes","floor":1.0,"turns":4.0},{"damage":4,"enemies":"Jaw Worm","floor":4,"turns":4},{"damage":0,"enemies":"Cultist","floor":5,"turns":3},{"damage":19,"enemies":"3 Sentries","floor":6,"turns":9},{"damage":12,"enemies":"Lagavulin","floor":8,"turns":6},{"damage":0,"enemies":"Large Slime","floor":12,"turns":2},{"damage":6,"enemies":"Gremlin Nob","floor":13,"turns":3},{"damage":5,"enemies":"Lots of Slimes","floor":14,"turns":4},{"damage":9,"enemies":"Hexaghost","floor":16,"turns":7},{"damage":7,"enemies":"3 Byrds","floor":18,"turns":4},{"damage":18,"enemies":"Shell Parasite","floor":19,"turns":4},{"damage":8,"enemies":"Snake Plant","floor":21,"turns":4},{"damage":11,"enemies":"Centurion and Healer","floor":22,"turns":7},{"damage":6,"enemies":"Gremlin Leader","floor":23,"turns":4}],"seed_played":"-2473778231249161994","potions_obtained":[{"floor":1.0,"key":"CunningPotion"},{"floor":5,"key":"Fire Potion"},{"floor":8,"key":"CunningPotion"},{"floor":14,"key":"Block Potion"},{"floor":21,"key":"PowerPotion"}],"is_trial":false,"path_per_floor":["M","?","?","M","M","E","R","E","T","R","?","M","E","M","R","B",null,"M","M","?","M","M","E"],"character_chosen":"THE_SILENT","items_purchased":[],"campfire_rested":0,"item_purchase_floors":[],"current_hp_per_floor":[58,58,58,54,54,35,35,23,23,23,29,29,23,18,18,9,56,49,31,37,29,18,12],"gold":719,"neow_bonus":"BOSS_RELIC","is_prod":false,"is_daily":false,"chose_seed":false,"campfire_upgraded":3,"win_rate":0,"timestamp":1661397650,"path_taken":["M","?","?","?","M","E","R","E","T","R","?","?","E","M","R","BOSS","M","M","?","?","M","E"],"build_version":"2022-03-07","purchased_purges":0,"victory":false,"max_hp_per_floor":[66,66,66,66,66,66,66,66,66,66,72,72,72,72,72,72,72,72,72,78,78,78,78],"relic_stats":{"Darkstone Periapt":12,"counters":[14,65],"Black Star":0,"War Paint":["Defend_G","Survivor"],"obtain_stats":[{"Darkstone Periapt":6,"Velvet Choker":0,"Vajra":8,"Black Star":17,"War Paint":13,"Ring of the Snake":0,"WarpedTongs":11},{"Darkstone Periapt":4,"Velvet Choker":0,"Vajra":5,"Black Star":9,"War Paint":7,"Ring of the Snake":0,"WarpedTongs":5},{"Darkstone Periapt":20,"Velvet Choker":0,"Vajra":26,"Black Star":42,"War Paint":31,"Ring of the Snake":0,"WarpedTongs":26}],"WarpedTongs":[39]},"card_choices":[{"not_picked":["Accuracy","Heel Hook"],"picked":"Crippling Poison","floor":1.0},{"not_picked":["Flying Knee","Deflect"],"picked":"Poisoned Stab","floor":4},{"not_picked":["Prepared","Crippling Poison"],"picked":"Dagger Throw","floor":5},{"not_picked":["Bane","Masterful Stab"],"picked":"Doppelganger","floor":6},{"not_picked":["Blade Dance","PiercingWail"],"picked":"Bouncing Flask","floor":8},{"not_picked":["Acrobatics","Prepared","Backflip"],"picked":"SKIP","floor":12},{"not_picked":["Quick Slash","Sucker Punch","Slice"],"picked":"SKIP","floor":13},{"not_picked":["Flying Knee","Finisher","All Out Attack"],"picked":"SKIP","floor":14},{"not_picked":["Grand Finale","Night Terror"],"picked":"Wraith Form v2","floor":16},{"not_picked":["Dagger Spray","Eviscerate"],"picked":"PiercingWail","floor":18},{"not_picked":["Riddle With Holes","Deflect+1"],"picked":"Noxious Fumes","floor":19},{"not_picked":["Dagger Spray","Backflip","Deflect"],"picked":"SKIP","floor":21},{"not_picked":["Quick Slash","Tactician","Escape Plan"],"picked":"SKIP","floor":22}],"player_experience":1110441,"relics_obtained":[{"floor":6,"key":"Darkstone Periapt"},{"floor":8,"key":"Vajra"},{"floor":13,"key":"War Paint"}],"event_choices":[{"damage_healed":0.0,"max_hp_gain":0.0,"max_hp_loss":0.0,"gold_gain":0.0,"event_name":"Liars Game","player_choice":"Ignored","floor":2.0,"gold_loss":0.0,"damage_taken":0.0},{"cards_removed":["Defend_G"],"damage_healed":0.0,"max_hp_gain":0.0,"max_hp_loss":0.0,"gold_gain":0.0,"event_name":"Bonfire Elementals","player_choice":"Offered Basic","floor":3.0,"gold_loss":0.0,"damage_taken":0.0},{"damage_healed":0,"gold_gain":0,"player_choice":"Rummage","damage_taken":0,"relics_obtained":["WarpedTongs"],"max_hp_gain":0,"max_hp_loss":0,"event_name":"Accursed Blacksmith","floor":11,"gold_loss":0,"cards_obtained":["Pain"]},{"damage_healed":0,"gold_gain":275,"player_choice":"Desecrate","damage_taken":0,"max_hp_gain":0,"max_hp_loss":0,"event_name":"Golden Shrine","floor":20,"gold_loss":0,"cards_obtained":["Regret"]}],"is_beta":false,"boss_relics":[{"not_picked":["Sozu","Philosopher\u0027s Stone"],"picked":"Black Star"}],"items_purged_floors":[],"is_endless":false,"potions_floor_spawned":[1,5,8,14,16,21,22],"killed_by":"Gremlin Leader","ascension_level":20}