{"gold_per_floor":[110,130,144,160,160,160,192,204,253,253],"floor_reached":10,"playtime":416,"items_purged":[],"score":140,"play_id":"c58e9245-c074-4036-afaf-7591a92d296c","local_time":"20220826010827","is_ascension_mode":true,"campfire_choices":[{"data":"Catalyst","floor":6.0,"key":"SMITH"}],"neow_cost":"NONE","seed_source_timestamp":261392526020465,"circlet_count":0,"master_deck":["AscendersBane","Strike_G","Strike_G","Strike_G","Strike_G","Strike_G","Defend_G","Defend_G","Defend_G","Defend_G","Defend_G","Survivor","Neutralize","Dagger Spray","Deadly Poison","Skewer","Catalyst+1","Burst","Dash"],"special_seed":0,"relics":["Ring of the Snake","Pen Nib","Gremlin Horn","Happy Flower"],"potions_floor_usage":[],"damage_taken":[{"damage":1.0,"enemies":"2 Louse","floor":1.0,"turns":3.0},{"damage":2.0,"enemies":"Small Slimes","floor":2.0,"turns":4.0},{"damage":1.0,"enemies":"Cultist","floor":3.0,"turns":5.0},{"damage":0.0,"enemies":"3 Louse","floor":4.0,"turns":2.0},{"damage":27.0,"enemies":"3 Sentries","floor":7.0,"turns":8.0},{"damage":23,"enemies":"Large Slime","floor":8,"turns":6},{"damage":22,"enemies":"Gremlin Nob","floor":10,"turns":3}],"seed_played":"6437532622668517328","potions_obtained":[{"floor":3.0,"key":"Fire Potion"},{"floor":7.0,"key":"Dexterity Potion"}],"is_trial":false,"path_per_floor":["M","M","M","M","?","R","E","M","T","E"],"character_chosen":"THE_SILENT","items_purchased":[],"campfire_rested":0,"item_purchase_floors":[],"current_hp_per_floor":[58,56,55,55,60,60,33,10,10,0],"gold":253,"neow_bonus":"RANDOM_COMMON_RELIC","is_prod":false,"is_daily":false,"chose_seed":false,"campfire_upgraded":1,"win_rate":0,"timestamp":1661501307,"path_taken":["M","M","M","M","?","R","E","M","T","E"],"build_version":"2022-03-07","purchased_purges":0,"victory":false,"max_hp_per_floor":[66,66,66,66,71,71,71,71,71,71],"relic_stats":{"Gremlin Horn":[1,1],"Happy Flower":[1],"counters":[7,31],"Pen Nib":[5],"obtain_stats":[{"Gremlin Horn":7,"Happy Flower":9,"Pen Nib":0,"Ring of the Snake":0},{"Gremlin Horn":5,"Happy Flower":6,"Pen Nib":0,"Ring of the Snake":0},{"Gremlin Horn":22,"Happy Flower":28,"Pen Nib":0,"Ring of the Snake":0}],"Ring of the Snake":[14]},"card_choices":[{"not_picked":["Dodge and Roll","Outmaneuver"],"picked":"Dagger Spray","floor":1.0},{"not_picked":["Dagger Spray","Flying Knee"],"picked":"Deadly Poison","floor":2.0},{"not_picked":["Dagger Spray","Deflect"],"picked":"Skewer","floor":3.0},{"not_picked":["Prepared","Backflip"],"picked":"Catalyst","floor":4.0},{"not_picked":["Tactician","Caltrops"],"picked":"Burst","floor":7.0},{"not_picked":["Catalyst","Caltrops"],"picked":"Dash","floor":8}],"player_experience":1113607,"relics_obtained":[{"floor":7.0,"key":"Gremlin Horn"},{"floor":9,"key":"Happy Flower"}],"event_choices":[{"damage_healed":0.0,"max_hp_gain":5.0,"max_hp_loss":0.0,"gold_gain":0.0,"event_name":"Big Fish","player_choice":"Donut","floor":5.0,"gold_loss":0.0,"damage_taken":0.0}],"is_beta":false,"boss_relics":[],"items_purged_floors":[],"is_endless":false,"potions_floor_spawned":[3,7],"killed_by":"Gremlin Nob","ascension_level":20}