{"gold_per_floor":[114,127,277,289,50,50,79,79,79,114,134,149,149,160,160,235,235,247,247,262,274,290,290,322,322,395,426,438,464,364,384,384,455,455,468,479,525,50,61,88,115,115,115,115,131,156,185,3,3,3,3,3,3,3,31,31],"floor_reached":56,"playtime":4928,"items_purged":["Doubt","Strike_G","Escape Plan"],"score":2099,"play_id":"1bbd2a4e-12ad-4a29-838a-71b88be08bc7","local_time":"20220824164012","is_ascension_mode":true,"campfire_choices":[{"data":"Leg Sweep","floor":6.0,"key":"SMITH"},{"data":"Deadly Poison","floor":8.0,"key":"SMITH"},{"data":"Bouncing Flask","floor":13.0,"key":"SMITH"},{"floor":15.0,"key":"REST"},{"data":"Noxious Fumes","floor":23.0,"key":"SMITH"},{"data":"Finisher","floor":25.0,"key":"SMITH"},{"data":"Calculated Gamble","floor":32.0,"key":"SMITH"},{"data":"Malaise","floor":42.0,"key":"SMITH"},{"floor":49.0,"key":"RECALL"},{"data":"After Image","floor":53.0,"key":"SMITH"}],"neow_cost":"NONE","seed_source_timestamp":0,"circlet_count":0,"master_deck":["AscendersBane","Strike_G","Strike_G","Defend_G","Defend_G","Defend_G","Defend_G","Survivor","Neutralize","Finisher+1","Leg Sweep+1","Deadly Poison+1","Deadly Poison","Bouncing Flask+1","Bane","Cloak And Dagger","Adrenaline+1","Phantasmal Killer+1","Bullet Time+1","Dash+1","Blade Dance+1","Backflip","Noxious Fumes+1","Blade Dance+1","Calculated Gamble+1","After Image+1","Corpse Explosion","Choke+1","Well Laid Plans+1","Night Terror","Malaise+1","Crippling Poison","Caltrops+1","PiercingWail"],"special_seed":0,"relics":["Ring of the Snake","Centennial Puzzle","Toolbox","Darkstone Periapt","MealTicket","Bronze Scales","Astrolabe","Tiny Chest","The Specimen","Toy Ornithopter","Snecko Eye","WingedGreaves","Incense Burner","ClockworkSouvenir","Regal Pillow","Blood Vial","Meat on the Bone","Juzu Bracelet","Pen Nib","Anchor"],"potions_floor_usage":[],"damage_taken":[{"damage":1.0,"enemies":"2 Louse","floor":1.0,"turns":3.0},{"damage":2.0,"enemies":"Jaw Worm","floor":2.0,"turns":4.0},{"damage":2.0,"enemies":"Cultist","floor":4.0,"turns":5.0},{"damage":14.0,"enemies":"Gremlin Nob","floor":7.0,"turns":5.0},{"damage":20.0,"enemies":"3 Sentries","floor":10.0,"turns":11.0},{"damage":0.0,"enemies":"3 Louse","floor":11.0,"turns":3.0},{"damage":0.0,"enemies":"Looter","floor":12.0,"turns":3.0},{"damage":0.0,"enemies":"2 Fungi Beasts","floor":14.0,"turns":4.0},{"damage":16.0,"enemies":"Slime Boss","floor":16.0,"turns":8.0},{"damage":2.0,"enemies":"2 Thieves","floor":18.0,"turns":3.0},{"damage":0.0,"enemies":"Spheric Guardian","floor":20.0,"turns":3.0},{"damage":2.0,"enemies":"Shelled Parasite and Fungi","floor":21.0,"turns":3.0},{"damage":1.0,"enemies":"3 Cultists","floor":22.0,"turns":3.0},{"damage":5.0,"enemies":"Book of Stabbing","floor":24.0,"turns":3.0},{"damage":4.0,"enemies":"Slavers","floor":27.0,"turns":3.0},{"damage":0.0,"enemies":"Snecko","floor":28.0,"turns":3.0},{"damage":7.0,"enemies":"Gremlin Leader","floor":29.0,"turns":5.0},{"damage":6.0,"enemies":"Snake Plant","floor":31.0,"turns":3.0},{"damage":27.0,"enemies":"Collector","floor":33.0,"turns":6.0},{"damage":0.0,"enemies":"Orb Walker","floor":35.0,"turns":1.0},{"damage":0.0,"enemies":"3 Darklings","floor":36.0,"turns":1.0},{"damage":0.0,"enemies":"2 Orb Walkers","floor":37.0,"turns":2.0},{"damage":11.0,"enemies":"Sphere and 2 Shapes","floor":39.0,"turns":5.0},{"damage":11.0,"enemies":"Reptomancer","floor":40.0,"turns":3.0},{"damage":17.0,"enemies":"Nemesis","floor":41.0,"turns":5.0},{"damage":0.0,"enemies":"Jaw Worm Horde","floor":45.0,"turns":2.0},{"damage":9.0,"enemies":"Reptomancer","floor":46.0,"turns":4.0},{"damage":25.0,"enemies":"Nemesis","floor":47.0,"turns":7.0},{"damage":28.0,"enemies":"Time Eater","floor":50.0,"turns":11.0},{"damage":37.0,"enemies":"Donu and Deca","floor":51.0,"turns":6.0},{"damage":28.0,"enemies":"Shield and Spear","floor":55.0,"turns":4.0},{"damage":84,"enemies":"The Heart","floor":56,"turns":8}],"seed_played":"-3272847867400245989","potions_obtained":[{"floor":1.0,"key":"Ancient Potion"},{"floor":2.0,"key":"SpeedPotion"},{"floor":4.0,"key":"CultistPotion"},{"floor":12.0,"key":"SkillPotion"},{"floor":18.0,"key":"Ancient Potion"},{"floor":24.0,"key":"Explosive Potion"},{"floor":27.0,"key":"Weak Potion"},{"floor":28.0,"key":"SpeedPotion"},{"floor":31.0,"key":"FairyPotion"},{"floor":35.0,"key":"AttackPotion"},{"floor":40.0,"key":"Strength Potion"},{"floor":47.0,"key":"LiquidMemories"}],"is_trial":false,"path_per_floor":["M","M","?","M","$","R","E","R","T","E","M","M","R","M","R","B",null,"M","?","M","M","M","R","E","R","T","E","M","E","$","M","R","B",null,"M","M","?","$","M","E","E","R","T","$","M","E","E","$","R","B","B",null,"R","$","E","B"],"character_chosen":"THE_SILENT","items_purchased":["Toolbox","Incense Burner","ClockworkSouvenir","PiercingWail"],"campfire_rested":1,"item_purchase_floors":[5,38,38,48],"current_hp_per_floor":[58,56,56,54,54,54,40,40,40,20,20,20,20,20,39,23,55,53,53,53,51,50,50,45,45,45,41,41,34,49,43,43,16,54,54,54,54,66,55,49,32,32,32,47,49,42,31,46,46,32,14,53,53,66,38,0],"gold":31,"neow_bonus":"RANDOM_COMMON_RELIC","is_prod":false,"is_daily":false,"chose_seed":false,"campfire_upgraded":8,"win_rate":0,"timestamp":1661384412,"path_taken":["M","M","?","M","$","R","E","R","T","E","M","M","R","M","R","BOSS","M","?","M","M","M","R","E","R","T","E","M","E","$","?","R","BOSS","M","M","?","$","M","E","E","R","T","$","M","E","E","$","R","BOSS","BOSS","R","$","E","BOSS"],"build_version":"2022-03-07","purchased_purges":3,"victory":false,"max_hp_per_floor":[66,66,66,66,66,66,66,66,66,66,66,66,66,66,66,66,66,66,66,66,66,66,66,66,66,66,66,66,66,66,66,66,66,66,66,66,66,66,66,66,66,66,66,66,66,66,66,66,66,66,66,66,66,66,66,66],"relic_stats":{"Darkstone Periapt":0,"Regal Pillow":0,"The Specimen":[36],"counters":[32,140],"Astrolabe":["Phantasmal Killer","Bullet Time","Dash"],"Pen Nib":[5],"Juzu Bracelet":0,"Blood Vial":12,"Centennial Puzzle":[69],"Bronze Scales":[395],"Snecko Eye":[108,111,127,135,-229],"MealTicket":70,"Tiny Chest":0,"WingedGreaves":2,"obtain_stats":[{"Darkstone Periapt":7,"Regal Pillow":40,"The Specimen":27,"Astrolabe":17,"Pen Nib":47,"Incense Burner":38,"Juzu Bracelet":46,"ClockworkSouvenir":38,"Blood Vial":41,"Centennial Puzzle":0,"Anchor":55,"Bronze Scales":10,"Toolbox":5,"Snecko Eye":34,"MealTicket":9,"Tiny Chest":24,"WingedGreaves":37,"Toy Ornithopter":29,"Ring of the Snake":0,"Meat on the Bone":43},{"Darkstone Periapt":4,"Regal Pillow":24,"The Specimen":15,"Astrolabe":9,"Pen Nib":28,"Incense Burner":22,"Juzu Bracelet":27,"ClockworkSouvenir":22,"Blood Vial":25,"Centennial Puzzle":0,"Anchor":31,"Bronze Scales":5,"Toolbox":3,"Snecko Eye":19,"MealTicket":4,"Tiny Chest":14,"WingedGreaves":22,"Toy Ornithopter":17,"Ring of the Snake":0,"Meat on the Bone":25},{"Darkstone Periapt":17,"Regal Pillow":93,"The Specimen":64,"Astrolabe":46,"Pen Nib":111,"Incense Burner":85,"Juzu Bracelet":104,"ClockworkSouvenir":85,"Blood Vial":98,"Centennial Puzzle":0,"Anchor":132,"Bronze Scales":28,"Toolbox":12,"Snecko Eye":81,"MealTicket":17,"Tiny Chest":61,"WingedGreaves":85,"Toy Ornithopter":72,"Ring of the Snake":0,"Meat on the Bone":98}],"Toy Ornithopter":10,"Ring of the Snake":[64],"Meat on the Bone":36},"card_choices":[{"not_picked":["Well Laid Plans","Reflex"],"picked":"Finisher","floor":1.0},{"not_picked":["Bouncing Flask","Heel Hook"],"picked":"Leg Sweep","floor":2.0},{"not_picked":["Underhanded Strike","Tactician"],"picked":"Deadly Poison","floor":4.0},{"not_picked":["Sucker Punch","Underhanded Strike"],"picked":"Deadly Poison","floor":7.0},{"not_picked":["Prepared","Riddle With Holes"],"picked":"Bouncing Flask","floor":10.0},{"not_picked":["Deflect","Bouncing Flask"],"picked":"Bane","floor":11.0},{"not_picked":["Flying Knee","Deadly Poison"],"picked":"Escape Plan","floor":12.0},{"not_picked":["Prepared","Sucker Punch"],"picked":"Cloak And Dagger","floor":14.0},{"not_picked":["Glass Knife","Phantasmal Killer"],"picked":"Adrenaline","floor":16.0},{"not_picked":["Underhanded Strike","Expertise+1"],"picked":"Blade Dance+1","floor":18.0},{"not_picked":["Dodge and Roll","Quick Slash"],"picked":"Backflip","floor":20.0},{"not_picked":["Riddle With Holes+1","Tactician+1"],"picked":"Noxious Fumes","floor":21.0},{"not_picked":["Slice","Flechettes"],"picked":"Blade Dance+1","floor":22.0},{"not_picked":["Quick Slash","Bane","Cloak And Dagger"],"picked":"SKIP","floor":24.0},{"not_picked":["Poisoned Stab+1","Flying Knee"],"picked":"Calculated Gamble","floor":27.0},{"not_picked":["Slice","Heel Hook"],"picked":"After Image","floor":28.0},{"not_picked":["Expertise","Predator","All Out Attack"],"picked":"SKIP","floor":29.0},{"not_picked":["Deflect","Poisoned Stab+1","Dagger Throw+1"],"picked":"SKIP","floor":31.0},{"not_picked":["Grand Finale","Glass Knife"],"picked":"Corpse Explosion","floor":33.0},{"not_picked":["Cloak And Dagger","Prepared"],"picked":"Choke+1","floor":35.0},{"not_picked":["Prepared","Deadly Poison"],"picked":"Well Laid Plans+1","floor":36.0},{"not_picked":["Underhanded Strike+1","Outmaneuver"],"picked":"Night Terror","floor":37.0},{"not_picked":["Deadly Poison+1","Flying Knee","Slice"],"picked":"SKIP","floor":39.0},{"not_picked":["Terror","Well Laid Plans"],"picked":"Malaise","floor":40.0},{"not_picked":["Slice","Distraction"],"picked":"Crippling Poison","floor":41.0},{"not_picked":["Expertise+1","Finisher+1","Backflip"],"picked":"SKIP","floor":45.0},{"not_picked":["Tactician","Outmaneuver","Backstab"],"picked":"SKIP","floor":46.0},{"not_picked":["Heel Hook","Skewer"],"picked":"Caltrops+1","floor":47.0},{"not_picked":["Cloak And Dagger","Calculated Gamble+1","Die Die Die"],"picked":"SKIP","floor":55.0}],"player_experience":1099941,"relics_obtained":[{"floor":7.0,"key":"Darkstone Periapt"},{"floor":9.0,"key":"MealTicket"},{"floor":10.0,"key":"Bronze Scales"},{"floor":24.0,"key":"Tiny Chest"},{"floor":27.0,"key":"The Specimen"},{"floor":29.0,"key":"Toy Ornithopter"},{"floor":37.0,"key":"WingedGreaves"},{"floor":40.0,"key":"Regal Pillow"},{"floor":41.0,"key":"Blood Vial"},{"floor":43.0,"key":"Meat on the Bone"},{"floor":46.0,"key":"Juzu Bracelet"},{"floor":47.0,"key":"Pen Nib"},{"floor":55.0,"key":"Anchor"}],"event_choices":[{"damage_healed":0.0,"max_hp_gain":0.0,"max_hp_loss":0.0,"gold_gain":150.0,"event_name":"Liars Game","player_choice":"AGREE","floor":3.0,"gold_loss":0.0,"damage_taken":0.0,"cards_obtained":["Doubt"]},{"damage_healed":0.0,"max_hp_gain":0.0,"max_hp_loss":0.0,"gold_gain":0.0,"event_name":"Upgrade Shrine","player_choice":"Upgraded","floor":19.0,"gold_loss":0.0,"damage_taken":0.0,"cards_upgraded":["Adrenaline"]},{"damage_healed":0.0,"max_hp_gain":0.0,"max_hp_loss":0.0,"gold_gain":0.0,"event_name":"Mysterious Sphere","player_choice":"Fight","floor":37.0,"gold_loss":0.0,"damage_taken":0.0}],"is_beta":false,"boss_relics":[{"not_picked":["Fusion Hammer","Runic Dome"],"picked":"Astrolabe"},{"not_picked":["HoveringKite","Velvet Choker"],"picked":"Snecko Eye"}],"items_purged_floors":[5,30,48],"is_endless":false,"potions_floor_spawned":[1,2,4,12,18,24,27,28,31,35,40,46,47],"killed_by":"The Heart","ascension_level":20}