{"gold_per_floor":[112,124,2,22,32,32,63,76,76,103,119,138,155,175,175,273,273,293,293,309,325,76,94,109,60,60,60,60,390,390,95,95,199,199,211,121,140,15,30,30,40,58,58,58,71,81,81,46,46,46],"floor_reached":51,"playtime":4379,"items_purged":["Strike_B","Strike_B","Strike_B"],"score":662,"play_id":"f837e2c7-a321-4b8f-9bcd-e837e31716aa","local_time":"20200705081302","is_ascension_mode":false,"campfire_choices":[{"data":"Coolheaded","floor":6,"key":"SMITH"},{"data":"Chill","floor":15,"key":"SMITH"},{"data":"Fission","floor":27,"key":"SMITH"},{"data":"Coolheaded","floor":30,"key":"SMITH"},{"data":"Reinforced Body","floor":32,"key":"SMITH"},{"data":"Reboot","floor":40,"key":"SMITH"},{"data":"Streamline","floor":44,"key":"SMITH"},{"data":"FTL","floor":49,"key":"SMITH"}],"neow_cost":"PERCENT_DAMAGE","seed_source_timestamp":537199578932244,"circlet_count":0,"master_deck":["Strike_B","Defend_B","Defend_B","Defend_B","Zap","Dualcast","Gash+1","Coolheaded+1","Reinforced Body+1","Gash","Streamline+1","Streamline","Chill+1","Coolheaded+1","Fission+1","BootSequence","FTL+1","Hologram","All For One","Reboot+1","Go for the Eyes+1","FTL+1"],"relics":["Cracked Core","Mango","Oddly Smooth Stone","Incense Burner","Kunai","Sozu","Bag of Marbles","Pantograph","Old Coin","Omamori","Busted Crown","Gremlin Horn"],"potions_floor_usage":[7,14,16,33],"damage_taken":[{"damage":1,"enemies":"Cultist","floor":1,"turns":3},{"damage":0,"enemies":"2 Louse","floor":2,"turns":2},{"damage":1,"enemies":"Jaw Worm","floor":4,"turns":2},{"damage":16,"enemies":"Exordium Wildlife","floor":5,"turns":5},{"damage":4,"enemies":"3 Sentries","floor":7,"turns":8},{"damage":9,"enemies":"Exordium Thugs","floor":8,"turns":5},{"damage":24,"enemies":"Gremlin Nob","floor":10,"turns":4},{"damage":0,"enemies":"3 Louse","floor":11,"turns":3},{"damage":4,"enemies":"Blue Slaver","floor":12,"turns":4},{"damage":1,"enemies":"Looter","floor":13,"turns":2},{"damage":0,"enemies":"2 Fungi Beasts","floor":14,"turns":2},{"damage":6,"enemies":"Slime Boss","floor":16,"turns":11},{"damage":4,"enemies":"Spheric Guardian","floor":18,"turns":4},{"damage":2,"enemies":"Chosen","floor":20,"turns":5},{"damage":6,"enemies":"Shelled Parasite and Fungi","floor":21,"turns":6},{"damage":4,"enemies":"3 Cultists","floor":23,"turns":7},{"damage":20,"enemies":"Snake Plant","floor":24,"turns":5},{"damage":0,"enemies":"Book of Stabbing","floor":29,"turns":7},{"damage":43,"enemies":"Collector","floor":33,"turns":12},{"damage":0,"enemies":"Orb Walker","floor":35,"turns":3},{"damage":0,"enemies":"3 Darklings","floor":37,"turns":4},{"damage":0,"enemies":"Jaw Worm Horde","floor":39,"turns":4},{"damage":8,"enemies":"Spire Growth","floor":41,"turns":5},{"damage":46,"enemies":"4 Shapes","floor":42,"turns":4},{"damage":0,"enemies":"Jaw Worm Horde","floor":45,"turns":4},{"damage":0,"enemies":"Maw","floor":46,"turns":6},{"damage":66,"enemies":"Time Eater","floor":50,"turns":14}],"seed_played":"-132766013952192272","potions_obtained":[{"floor":2,"key":"Explosive Potion"},{"floor":4,"key":"Explosive Potion"},{"floor":8,"key":"Ancient Potion"},{"floor":13,"key":"SneckoOil"}],"is_trial":false,"path_per_floor":["M","M","$","M","M","R","E","M","T","E","M","M","M","M","R","B",null,"M","?","M","M","$","M","M","$","T","R","?","E","R","$","R","B",null,"M","?","M","$","M","R","M","M","T","R","M","M","?","$","R","B",null],"character_chosen":"DEFECT","items_purchased":["Gash","Bag of Marbles","Hologram","All For One","Omamori","FTL"],"campfire_rested":0,"item_purchase_floors":[3,22,25,31,31,48],"current_hp_per_floor":[67,67,67,66,50,50,46,37,37,13,13,9,8,8,8,2,89,85,85,83,77,77,73,53,53,53,53,53,53,53,53,53,35,89,89,89,89,89,89,89,81,35,35,35,35,35,89,89,89,23],"gold":46,"neow_bonus":"ONE_RARE_RELIC","is_prod":false,"is_daily":false,"chose_seed":false,"campfire_upgraded":8,"win_rate":0.0,"timestamp":1593954782,"path_taken":["M","M","$","M","M","R","E","?","T","E","M","M","M","M","R","BOSS","M","?","M","M","$","M","M","$","T","R","?","E","R","?","R","BOSS","M","?","M","?","M","R","M","M","T","R","M","M","?","?","R","BOSS"],"build_version":"2020-01-27","purchased_purges":3,"victory":true,"max_hp_per_floor":[89,89,89,89,89,89,89,89,89,89,89,89,89,89,89,89,89,89,89,89,89,89,89,89,89,89,89,89,89,89,89,89,89,89,89,89,89,89,89,89,89,89,89,89,89,89,89,89,89,89],"card_choices":[{"not_picked":["Stack","Double Energy","Redo"],"picked":"SKIP","floor":1},{"not_picked":["Chaos","Stack","Steam"],"picked":"SKIP","floor":2},{"not_picked":["Static Discharge","Conserve Battery"],"picked":"Coolheaded","floor":4},{"not_picked":["Barrage","Storm"],"picked":"Reinforced Body","floor":5},{"not_picked":["Force Field","Doom and Gloom","Reprogram"],"picked":"SKIP","floor":7},{"not_picked":["Force Field","Doom and Gloom","Reprogram"],"picked":"SKIP","floor":7},{"not_picked":["Heatsinks","Leap"],"picked":"Gash","floor":8},{"not_picked":["Biased Cognition","Skim"],"picked":"Streamline","floor":10},{"not_picked":["Force Field","Conserve Battery"],"picked":"Streamline","floor":11},{"not_picked":["Blizzard","Steam"],"picked":"Chill","floor":12},{"not_picked":["Consume","Ball Lightning"],"picked":"Coolheaded","floor":13},{"not_picked":["Redo","Conserve Battery","Heatsinks"],"picked":"SKIP","floor":14},{"not_picked":["Multi-Cast","Thunder Strike"],"picked":"Fission","floor":16},{"not_picked":["Barrage","Chill","Darkness"],"picked":"SKIP","floor":18},{"not_picked":["Lockon","Melter","Streamline"],"picked":"SKIP","floor":20},{"not_picked":["Reprogram","Glacier"],"picked":"BootSequence","floor":21},{"not_picked":["Go for the Eyes+1","Conserve Battery"],"picked":"FTL+1","floor":23},{"not_picked":["Streamline","Ball Lightning","Steam+1"],"picked":"SKIP","floor":24},{"not_picked":["Steam Power","Conserve Battery","Go for the Eyes"],"picked":"SKIP","floor":29},{"not_picked":["Thunder Strike","Biased Cognition"],"picked":"Reboot","floor":33},{"not_picked":["Melter"],"picked":"SKIP","floor":35},{"not_picked":["Ball Lightning+1"],"picked":"SKIP","floor":37},{"not_picked":[],"picked":"Go for the Eyes+1","floor":39},{"not_picked":["Conserve Battery"],"picked":"SKIP","floor":41},{"not_picked":["Hologram+1"],"picked":"SKIP","floor":42},{"not_picked":["Steam"],"picked":"SKIP","floor":45},{"not_picked":["Leap+1"],"picked":"SKIP","floor":46}],"player_experience":61089,"relics_obtained":[{"floor":7,"key":"Oddly Smooth Stone"},{"floor":9,"key":"Incense Burner"},{"floor":10,"key":"Kunai"},{"floor":26,"key":"Pantograph"},{"floor":29,"key":"Old Coin"},{"floor":43,"key":"Gremlin Horn"}],"event_choices":[{"damage_healed":0,"gold_gain":0,"player_choice":"Ignored","damage_taken":0,"max_hp_gain":0,"max_hp_loss":0,"event_name":"The Mausoleum","floor":19,"gold_loss":0},{"damage_healed":0,"gold_gain":0,"player_choice":"Ignored","damage_taken":0,"max_hp_gain":0,"max_hp_loss":0,"event_name":"Ghosts","floor":28,"gold_loss":0},{"cards_removed":["Defend_B"],"damage_healed":0,"gold_gain":0,"player_choice":"Upgrade and Remove","damage_taken":0,"max_hp_gain":0,"max_hp_loss":0,"event_name":"Designer","floor":36,"gold_loss":90,"cards_upgraded":["Gash"]},{"damage_healed":54,"gold_gain":0,"player_choice":"Heal","damage_taken":0,"max_hp_gain":0,"max_hp_loss":0,"event_name":"MindBloom","floor":47,"gold_loss":0,"cards_obtained":["Doubt"]}],"is_beta":false,"boss_relics":[{"not_picked":["SacredBark","Inserter"],"picked":"Sozu"},{"not_picked":["Philosopher\u0027s Stone","Black Star"],"picked":"Busted Crown"}],"items_purged_floors":[3,22,38],"is_endless":false,"potions_floor_spawned":[2,4,8,13,18,20,23,24,41,42],"ascension_level":0}