{"gold_per_floor":[117,130,146,146,46,72,72,83,83,113,133,133,164,174,174,271,271,291,307,318,243,92,92,107,137,214,243,423,433,468,485,485,581,581,592,67,87,102,126,151,151,178,178,209,228,228,35,35,35,35,35,35,35,66,66],"floor_reached":56,"playtime":9183,"items_purged":["Strike_B"],"score":1880,"play_id":"8bccbba3-1bee-49c9-ace7-00ed61ad7c50","local_time":"20200828204402","is_ascension_mode":true,"campfire_choices":[{"data":"Buffer","floor":7.0,"key":"SMITH"},{"data":"Defragment","floor":12.0,"key":"SMITH"},{"data":"Gash","floor":15.0,"key":"SMITH"},{"data":"Buffer","floor":23.0,"key":"SMITH"},{"data":"Seek","floor":32.0,"key":"SMITH"},{"data":"Zap","floor":41.0,"key":"SMITH"},{"floor":46.0,"key":"RECALL"},{"data":"Coolheaded","floor":49.0,"key":"SMITH"},{"data":"Gash","floor":52.0,"key":"SMITH"}],"neow_cost":"NONE","seed_source_timestamp":913051531688954,"circlet_count":0,"master_deck":["Defend_B","Defend_B","Defend_B","Zap+1","Dualcast","Hello World+1","All For One+1","Cold Snap","Rebound","Coolheaded+1","Gash+1","Buffer+1","Sweeping Beam","Defragment+1","Gash+1","Leap","Buffer+1","Self Repair+1","Gash","Gash","Seek+1","Conserve Battery","Coolheaded+1","Consume+1","Coolheaded+1","Amplify+1","Double Energy+1","Master of Strategy+1","Trip+1","Capacitor+1","Seek+1","Cold Snap+1","Barrage+1"],"special_seed":0,"relics":["Astrolabe","Pen Nib","Nunchaku","Mummified Hand","Tiny Chest","Inserter","Toxic Egg 2","Mercury Hourglass","Question Card","Ginger","Runic Pyramid","Gremlin Horn","Lantern","Ornamental Fan","Darkstone Periapt","Molten Egg 2","Bag of Preparation","Anchor"],"potions_floor_usage":[55,55],"damage_taken":[{"damage":4.0,"enemies":"2 Louse","floor":1.0,"turns":3.0},{"damage":2.0,"enemies":"Cultist","floor":2.0,"turns":3.0},{"damage":10.0,"enemies":"Jaw Worm","floor":3.0,"turns":4.0},{"damage":16.0,"enemies":"Gremlin Nob","floor":6.0,"turns":4.0},{"damage":2.0,"enemies":"Exordium Wildlife","floor":8.0,"turns":6.0},{"damage":0.0,"enemies":"Lagavulin","floor":10.0,"turns":6.0},{"damage":3.0,"enemies":"Blue Slaver","floor":11.0,"turns":5.0},{"damage":1.0,"enemies":"3 Sentries","floor":13.0,"turns":5.0},{"damage":0.0,"enemies":"3 Louse","floor":14.0,"turns":2.0},{"damage":0.0,"enemies":"The Guardian","floor":16.0,"turns":7.0},{"damage":0.0,"enemies":"Shell Parasite","floor":18.0,"turns":3.0},{"damage":3.0,"enemies":"Chosen","floor":19.0,"turns":7.0},{"damage":0.0,"enemies":"Snecko","floor":20.0,"turns":5.0},{"damage":8.0,"enemies":"Sentry and Sphere","floor":24.0,"turns":5.0},{"damage":7.0,"enemies":"Book of Stabbing","floor":25.0,"turns":5.0},{"damage":17.0,"enemies":"Slavers","floor":27.0,"turns":5.0},{"damage":0.0,"enemies":"Cultist and Chosen","floor":29.0,"turns":6.0},{"damage":0.0,"enemies":"Book of Stabbing","floor":30.0,"turns":6.0},{"damage":0.0,"enemies":"Chosen and Byrds","floor":31.0,"turns":4.0},{"damage":0.0,"enemies":"Automaton","floor":33.0,"turns":8.0},{"damage":0.0,"enemies":"Orb Walker","floor":35.0,"turns":5.0},{"damage":0.0,"enemies":"3 Shapes","floor":37.0,"turns":5.0},{"damage":0.0,"enemies":"Jaw Worm Horde","floor":38.0,"turns":3.0},{"damage":9.0,"enemies":"Giant Head","floor":40.0,"turns":7.0},{"damage":0.0,"enemies":"Reptomancer","floor":42.0,"turns":4.0},{"damage":0.0,"enemies":"Giant Head","floor":44.0,"turns":8.0},{"damage":0.0,"enemies":"Maw","floor":45.0,"turns":5.0},{"damage":0.0,"enemies":"Time Eater","floor":50.0,"turns":13.0},{"damage":16,"enemies":"Shield and Spear","floor":54,"turns":6},{"damage":43,"enemies":"The Heart","floor":55,"turns":6}],"seed_played":"956208489795577063","potions_obtained":[{"floor":1.0,"key":"EssenceOfSteel"},{"floor":6.0,"key":"Fruit Juice"},{"floor":10.0,"key":"PotionOfCapacity"},{"floor":13.0,"key":"SteroidPotion"},{"floor":18.0,"key":"Energy Potion"},{"floor":20.0,"key":"AttackPotion"},{"floor":27.0,"key":"EssenceOfDarkness"},{"floor":30.0,"key":"LiquidMemories"},{"floor":31.0,"key":"CultistPotion"},{"floor":42.0,"key":"Fruit Juice"}],"is_trial":false,"path_per_floor":["M","M","M","?","$","E","R","M","T","E","M","R","E","M","R","B",null,"M","M","M","?","$","R","M","E","T","E","?","M","E","M","R","B",null,"M","$","M","M","T","E","R","E","T","E","M","R","$","?","R","B",null,"R","$","E","B",null],"character_chosen":"DEFECT","items_purchased":["Gash","Seek","Gremlin Horn","Master of Strategy+1","Trip+1","Bag of Preparation","Cold Snap+1"],"campfire_rested":0,"item_purchase_floors":[5,22,36,36,36,47,47],"current_hp_per_floor":[71,69,59,52,52,36,36,34,34,34,31,31,30,30,30,30,75,80,80,80,80,80,80,80,80,80,73,54,54,64,74,74,74,80,80,80,80,80,80,80,80,80,80,80,80,80,80,76,76,81,81,81,81,75,42],"gold":66,"neow_bonus":"BOSS_RELIC","is_prod":false,"is_daily":false,"chose_seed":false,"campfire_upgraded":8,"win_rate":0,"timestamp":1598665442,"path_taken":["M","M","M","?","$","E","R","M","T","E","M","R","E","M","R","BOSS","M","M","M","?","$","R","M","E","T","E","?","M","E","M","R","BOSS","M","$","M","?","?","E","R","E","T","E","M","R","$","?","R","BOSS","R","$","E","BOSS"],"build_version":"2020-07-30","purchased_purges":1,"victory":true,"max_hp_per_floor":[75,75,75,75,75,75,75,75,75,75,75,75,75,75,75,75,75,80,80,80,80,80,80,80,80,80,80,80,80,80,80,80,80,80,80,80,80,80,80,80,80,80,80,80,80,80,80,76,76,81,81,81,81,81,81],"card_choices":[{"not_picked":["Glacier","Beam Cell"],"picked":"Cold Snap","floor":1.0},{"not_picked":["Double Energy","Barrage"],"picked":"Rebound","floor":2.0},{"not_picked":["Conserve Battery","Compile Driver"],"picked":"Coolheaded","floor":3.0},{"not_picked":["Steam","Force Field"],"picked":"Buffer","floor":6.0},{"not_picked":["Redo","Heatsinks"],"picked":"Sweeping Beam","floor":8.0},{"not_picked":["Redo","Sweeping Beam","Rebound"],"picked":"SKIP","floor":10.0},{"not_picked":["Cold Snap","Reprogram"],"picked":"Defragment","floor":11.0},{"not_picked":["Rip and Tear","Echo Form"],"picked":"Gash","floor":13.0},{"not_picked":["Turbo","Compile Driver"],"picked":"Leap","floor":14.0},{"not_picked":["Multi-Cast","Electrodynamics"],"picked":"Buffer","floor":16.0},{"not_picked":["Reinforced Body","Chill"],"picked":"Self Repair+1","floor":18.0},{"not_picked":["Go for the Eyes","Coolheaded"],"picked":"Gash","floor":19.0},{"not_picked":["Ball Lightning","Steam+1"],"picked":"Gash","floor":20.0},{"not_picked":["Static Discharge+1","Sweeping Beam"],"picked":"Conserve Battery","floor":24.0},{"not_picked":["Hologram+1","Cold Snap"],"picked":"Coolheaded+1","floor":25.0},{"not_picked":["Fission+1","Gash"],"picked":"Consume+1","floor":27.0},{"not_picked":["Self Repair","Turbo+1","Blizzard","Skim+1"],"picked":"SKIP","floor":29.0},{"not_picked":["Hello World","Melter","Fission+1","Gash"],"picked":"SKIP","floor":30.0},{"not_picked":["Go for the Eyes","Compile Driver","Melter"],"picked":"Coolheaded+1","floor":31.0},{"not_picked":["Hyperbeam","Meteor Strike","Rainbow+1"],"picked":"Amplify+1","floor":33.0},{"not_picked":["Scrape","Turbo+1","Heatsinks"],"picked":"Double Energy+1","floor":35.0},{"not_picked":["Streamline","Redo+1","Hello World"],"picked":"Capacitor+1","floor":37.0},{"not_picked":["Self Repair","Turbo+1","Storm","Hello World+1"],"picked":"SKIP","floor":38.0},{"not_picked":["Hologram+1","Steam+1","Beam Cell","Sweeping Beam"],"picked":"SKIP","floor":40.0},{"not_picked":["Scrape+1","Skim+1","Double Energy+1","Storm"],"picked":"SKIP","floor":42.0},{"not_picked":["Storm+1","Steam+1","Sweeping Beam+1"],"picked":"Seek+1","floor":44.0},{"not_picked":["Stack+1","Steam+1","Go for the Eyes+1","Compile Driver+1"],"picked":"SKIP","floor":45.0},{"not_picked":["Lockon+1","Self Repair+1","All For One+1"],"picked":"Barrage+1","floor":54}],"player_experience":193284,"relics_obtained":[{"floor":6.0,"key":"Pen Nib"},{"floor":9.0,"key":"Nunchaku"},{"floor":10.0,"key":"Mummified Hand"},{"floor":13.0,"key":"Tiny Chest"},{"floor":25.0,"key":"Toxic Egg 2"},{"floor":26.0,"key":"Mercury Hourglass"},{"floor":27.0,"key":"Question Card"},{"floor":30.0,"key":"Ginger"},{"floor":40.0,"key":"Lantern"},{"floor":42.0,"key":"Ornamental Fan"},{"floor":43.0,"key":"Darkstone Periapt"},{"floor":44.0,"key":"Molten Egg 2"},{"floor":54,"key":"Anchor"}],"event_choices":[{"cards_removed":["Hello World"],"damage_healed":0.0,"max_hp_gain":0.0,"max_hp_loss":0.0,"gold_gain":0.0,"event_name":"Golden Wing","player_choice":"Card Removal","floor":4.0,"gold_loss":0.0,"damage_taken":7.0},{"cards_removed":["Strike_B"],"damage_healed":0.0,"max_hp_gain":0.0,"max_hp_loss":0.0,"gold_gain":0.0,"event_name":"Beggar","player_choice":"Gave Gold","floor":21.0,"gold_loss":75.0,"damage_taken":0.0},{"damage_healed":0.0,"max_hp_gain":0.0,"max_hp_loss":0.0,"gold_gain":180.0,"event_name":"Knowing Skull","player_choice":"GOLD GOLD ","floor":28.0,"potions_obtained":[],"gold_loss":0.0,"damage_taken":19.0,"cards_obtained":[]},{"damage_healed":0.0,"max_hp_gain":0.0,"max_hp_loss":4.0,"gold_gain":0.0,"event_name":"Winding Halls","player_choice":"Max HP","floor":48.0,"gold_loss":0.0,"damage_taken":0.0}],"is_beta":false,"boss_relics":[{"not_picked":["Calling Bell","Philosopher\u0027s Stone"],"picked":"Inserter"},{"not_picked":["Velvet Choker","Snecko Eye"],"picked":"Runic Pyramid"}],"items_purged_floors":[5],"is_endless":false,"potions_floor_spawned":[1,6,10,13,18,20,27,30,31,35,37,42],"ascension_level":4}