{"gold_per_floor":[110,35,53,63,63,63,98,125,180,180,210,54,64,79,79,184,184,203,302,39,56,69,94,94,104,131,150,150,150,166,197,197,292,292,305,44,90,110,110,110,110,145,145,172,189,221,221,233,233,233,233,233,11,44,44],"floor_reached":56,"playtime":4125,"items_purged":["Strike_B","Strike_B","Strike_B"],"score":1465,"play_id":"d8bc9786-814c-4f28-8ec1-fbb3b5e9f936","local_time":"20200826013547","is_ascension_mode":true,"campfire_choices":[{"data":"Tempest","floor":6.0,"key":"SMITH"},{"data":"Zap","floor":10.0,"key":"SMITH"},{"data":"Buffer","floor":15.0,"key":"SMITH"},{"data":"Biased Cognition","floor":24.0,"key":"SMITH"},{"data":"Go for the Eyes","floor":28.0,"key":"SMITH"},{"data":"Capacitor","floor":32.0,"key":"SMITH"},{"data":"Defragment","floor":40.0,"key":"SMITH"},{"data":"Electrodynamics","floor":47.0,"key":"SMITH"},{"floor":49.0,"key":"RECALL"},{"data":"Dualcast","floor":52,"key":"SMITH"}],"neow_cost":"NONE","seed_source_timestamp":0,"circlet_count":0,"master_deck":["Strike_B","Defend_B+1","Defend_B","Defend_B+1","Defend_B","Zap+1","Dualcast+1","Capacitor+1","Tempest+1","Sweeping Beam","Buffer+1","Ball Lightning","Electrodynamics+1","Biased Cognition+1","Chill","Go for the Eyes+1","Scrape+1","Reinforced Body+1","Reboot","Defragment+1","Storm+1","Bandage Up","Reboot","Capacitor+1","Auto Shields+1","Cold Snap+1"],"special_seed":0,"relics":["Cracked Core","Juzu Bracelet","Lantern","Ancient Tea Set","White Beast Statue","Anchor","Coffee Dripper","Matryoshka","Cables","The Courier","PreservedInsect","Strawberry","Runic Pyramid","Runic Capacitor","Thread and Needle","Eternal Feather","Bottled Tornado","Torii","Akabeko","Chemical X","Bird Faced Urn"],"potions_floor_usage":[55,55,55],"damage_taken":[{"damage":0.0,"enemies":"Small Slimes","floor":1.0,"turns":2.0},{"damage":7.0,"enemies":"Jaw Worm","floor":3.0,"turns":3.0},{"damage":0.0,"enemies":"2 Louse","floor":4.0,"turns":3.0},{"damage":31.0,"enemies":"3 Sentries","floor":7.0,"turns":6.0},{"damage":11.0,"enemies":"Lagavulin","floor":11.0,"turns":4.0},{"damage":0.0,"enemies":"Blue Slaver","floor":13.0,"turns":3.0},{"damage":0.0,"enemies":"Looter","floor":14.0,"turns":3.0},{"damage":8.0,"enemies":"The Guardian","floor":16.0,"turns":10.0},{"damage":0.0,"enemies":"Spheric Guardian","floor":18.0,"turns":3.0},{"damage":4.0,"enemies":"2 Thieves","floor":21.0,"turns":4.0},{"damage":0.0,"enemies":"Snake Plant","floor":22.0,"turns":3.0},{"damage":12.0,"enemies":"Book of Stabbing","floor":23.0,"turns":4.0},{"damage":2.0,"enemies":"Chosen and Byrds","floor":25.0,"turns":3.0},{"damage":0.0,"enemies":"3 Cultists","floor":27.0,"turns":4.0},{"damage":0.0,"enemies":"Snecko","floor":30.0,"turns":3.0},{"damage":1.0,"enemies":"Slavers","floor":31.0,"turns":3.0},{"damage":51.0,"enemies":"Automaton","floor":33.0,"turns":11.0},{"damage":3.0,"enemies":"3 Shapes","floor":35.0,"turns":4.0},{"damage":0.0,"enemies":"2 Orb Walkers","floor":37.0,"turns":4.0},{"damage":0.0,"enemies":"Orb Walker","floor":38.0,"turns":3.0},{"damage":0.0,"enemies":"Nemesis","floor":42.0,"turns":5.0},{"damage":21.0,"enemies":"Reptomancer","floor":44.0,"turns":4.0},{"damage":0.0,"enemies":"Maw","floor":45.0,"turns":4.0},{"damage":0.0,"enemies":"Giant Head","floor":46.0,"turns":7.0},{"damage":0.0,"enemies":"Jaw Worm Horde","floor":48.0,"turns":3.0},{"damage":1,"enemies":"Donu and Deca","floor":50,"turns":7},{"damage":0,"enemies":"Shield and Spear","floor":54,"turns":3},{"damage":53,"enemies":"The Heart","floor":55,"turns":6}],"seed_played":"-1388881285724922363","potions_obtained":[{"floor":1.0,"key":"FearPotion"},{"floor":3.0,"key":"GamblersBrew"},{"floor":7.0,"key":"Swift Potion"},{"floor":13.0,"key":"Regen Potion"},{"floor":14.0,"key":"AttackPotion"},{"floor":16.0,"key":"Fire Potion"},{"floor":18.0,"key":"Regen Potion"},{"floor":21.0,"key":"Fruit Juice"},{"floor":22.0,"key":"Fire Potion"},{"floor":23.0,"key":"GamblersBrew"},{"floor":25.0,"key":"SkillPotion"},{"floor":27.0,"key":"PotionOfCapacity"},{"floor":30.0,"key":"Fire Potion"},{"floor":31.0,"key":"PotionOfCapacity"},{"floor":33.0,"key":"Fire Potion"},{"floor":38.0,"key":"ColorlessPotion"},{"floor":42.0,"key":"LiquidBronze"},{"floor":45.0,"key":"SteroidPotion"},{"floor":46.0,"key":"Fruit Juice"},{"floor":48.0,"key":"PowerPotion"},{"floor":54,"key":"SkillPotion"}],"is_trial":false,"path_per_floor":["M","$","M","M","?","R","E","T","T","R","E","$","M","M","R","B",null,"M","?","$","M","M","E","R","M","T","M","R","?","M","E","R","B",null,"M","$","?","M","?","R","?","E","T","E","M","E","R","M","R","B",null,"R","$","E","B",null],"character_chosen":"DEFECT","items_purchased":["Anchor","Matryoshka","Go for the Eyes","Runic Capacitor","Defragment","Chemical X"],"campfire_rested":0,"item_purchase_floors":[12,20,20,36,36,53],"current_hp_per_floor":[82,82,75,75,59,59,28,28,28,28,17,17,17,17,17,24,82,82,82,82,78,83,71,71,69,69,69,69,69,69,75,75,24,94,91,91,91,91,91,91,91,94,94,73,77,81,94,99,99,99,99,99,99,99,72],"gold":44,"neow_bonus":"TEN_PERCENT_HP_BONUS","is_prod":false,"is_daily":false,"chose_seed":false,"campfire_upgraded":9,"win_rate":0,"timestamp":1598423747,"path_taken":["M","$","M","M","?","R","E","?","T","R","E","?","M","M","R","BOSS","M","?","$","M","M","E","R","M","T","M","R","?","M","E","R","BOSS","M","$","?","M","?","R","?","E","T","E","M","E","R","M","R","BOSS","R","$","E","BOSS"],"build_version":"2020-07-30","purchased_purges":3,"victory":true,"max_hp_per_floor":[82,82,82,82,82,82,82,82,82,82,82,82,82,82,82,82,82,82,82,82,82,87,87,87,87,87,87,87,87,87,94,94,94,94,94,94,94,94,94,94,94,94,94,94,94,94,94,99,99,99,99,99,99,99,99],"card_choices":[{"not_picked":["Reprogram","White Noise"],"picked":"Capacitor","floor":1.0},{"not_picked":["Rebound","Cold Snap"],"picked":"Tempest","floor":3.0},{"not_picked":["Undo","Rebound"],"picked":"Sweeping Beam","floor":4.0},{"not_picked":["Static Discharge","Chill"],"picked":"Leap","floor":7.0},{"not_picked":["Sweeping Beam","Glacier"],"picked":"Buffer","floor":11.0},{"not_picked":["Turbo","Streamline"],"picked":"Ball Lightning","floor":13.0},{"not_picked":["Conserve Battery","Cold Snap"],"picked":"Electrodynamics","floor":14.0},{"not_picked":["Multi-Cast","Amplify"],"picked":"Biased Cognition","floor":16.0},{"not_picked":["Hologram","Steam"],"picked":"Chill","floor":18.0},{"not_picked":["Steam+1","Sunder"],"picked":"Scrape+1","floor":21.0},{"not_picked":["Hologram+1","Coolheaded","Beam Cell"],"picked":"SKIP","floor":22.0},{"not_picked":["Chill","Gash","Rebound"],"picked":"SKIP","floor":23.0},{"not_picked":["Turbo+1","Fission","Rebound+1"],"picked":"SKIP","floor":25.0},{"not_picked":["Hologram","Rip and Tear","Steam"],"picked":"SKIP","floor":27.0},{"not_picked":["Redo","Blizzard"],"picked":"Reinforced Body+1","floor":30.0},{"not_picked":["Conserve Battery","Redo+1","Force Field"],"picked":"SKIP","floor":31.0},{"not_picked":["Rainbow","Hyperbeam"],"picked":"Reboot","floor":33.0},{"not_picked":["Rebound+1","Aggregate","Sweeping Beam"],"picked":"SKIP","floor":35.0},{"not_picked":["Glacier+1","Hologram"],"picked":"Storm+1","floor":38.0},{"not_picked":["Magnetism","Chrysalis"],"picked":"Bandage Up","floor":39.0},{"not_picked":["Static Discharge","Skim","Darkness+1"],"picked":"SKIP","floor":42.0},{"not_picked":["Fission","Capacitor+1"],"picked":"Reboot","floor":44.0},{"not_picked":["Melter","Stack+1"],"picked":"Capacitor+1","floor":45.0},{"not_picked":["Chaos+1","Lockon+1"],"picked":"Auto Shields+1","floor":46.0},{"not_picked":["Gash","Beam Cell+1"],"picked":"Cold Snap+1","floor":48.0},{"not_picked":["Gash","Beam Cell","Reprogram"],"picked":"SKIP","floor":54}],"player_experience":176607,"relics_obtained":[{"floor":7.0,"key":"Juzu Bracelet"},{"floor":8.0,"key":"Lantern"},{"floor":9.0,"key":"Ancient Tea Set"},{"floor":11.0,"key":"White Beast Statue"},{"floor":23.0,"key":"Cables"},{"floor":26.0,"key":"The Courier"},{"floor":26.0,"key":"PreservedInsect"},{"floor":31.0,"key":"Strawberry"},{"floor":37.0,"key":"Thread and Needle"},{"floor":42.0,"key":"Eternal Feather"},{"floor":43.0,"key":"Bottled Tornado"},{"floor":44.0,"key":"Torii"},{"floor":46.0,"key":"Akabeko"},{"floor":54,"key":"Bird Faced Urn"}],"event_choices":[{"damage_healed":0.0,"max_hp_gain":0.0,"max_hp_loss":0.0,"gold_gain":0.0,"event_name":"Shining Light","player_choice":"Entered Light","floor":5.0,"gold_loss":0.0,"damage_taken":16.0,"cards_upgraded":["Defend_B","Defend_B"]},{"damage_healed":0.0,"max_hp_gain":0.0,"max_hp_loss":0.0,"gold_gain":99.0,"event_name":"Nest","player_choice":"Stole From Cult","floor":19.0,"gold_loss":0.0,"damage_taken":0.0},{"damage_healed":0.0,"max_hp_gain":0.0,"max_hp_loss":0.0,"gold_gain":0.0,"event_name":"Vampires","player_choice":"Ignored","floor":29.0,"gold_loss":0.0,"damage_taken":0.0},{"damage_healed":0.0,"max_hp_gain":0.0,"max_hp_loss":0.0,"gold_gain":0.0,"event_name":"Mysterious Sphere","player_choice":"Fight","floor":37.0,"gold_loss":0.0,"damage_taken":0.0},{"damage_healed":0.0,"max_hp_gain":0.0,"max_hp_loss":0.0,"gold_gain":0.0,"event_name":"SensoryStone","player_choice":"Memory 1","floor":39.0,"gold_loss":0.0,"damage_taken":0.0},{"cards_removed":["Leap"],"damage_healed":0.0,"max_hp_gain":0.0,"max_hp_loss":0.0,"gold_gain":0.0,"event_name":"Falling","player_choice":"Removed Skill","floor":41.0,"gold_loss":0.0,"damage_taken":0.0}],"is_beta":false,"boss_relics":[{"not_picked":["Cursed Key","Pandora\u0027s Box"],"picked":"Coffee Dripper"},{"not_picked":["Empty Cage","Black Star"],"picked":"Runic Pyramid"}],"items_purged_floors":[2,36,53],"is_endless":false,"potions_floor_spawned":[1,3,7,13,14,16,18,21,22,23,25,27,30,31,33,35,37,38,42,44,45,46,48,54],"ascension_level":3}