{"gold_per_floor":[118,118,43,62,62,91,25,25,50,63,93,112,112,52],"floor_reached":14,"playtime":800,"items_purged":[],"score":196,"play_id":"f79151e7-3ebe-4713-adbb-c0eefa5f023e","local_time":"20220414014555","is_ascension_mode":true,"campfire_choices":[{"data":"Beam Cell","floor":8.0,"key":"SMITH"},{"data":"Redo","floor":13.0,"key":"SMITH"}],"neow_cost":"NONE","seed_source_timestamp":414279322470496,"circlet_count":0,"master_deck":["AscendersBane","Strike_B","Strike_B","Strike_B","Strike_B","Defend_B","Defend_B","Defend_B","Defend_B","Zap","Dualcast","Compile Driver","Turbo","Beam Cell+1","Doom and Gloom","Redo+1","Leap"],"special_seed":0,"relics":["SlaversCollar","Eternal Feather","MawBank","Art of War","Calipers"],"potions_floor_usage":[14],"damage_taken":[{"damage":1.0,"enemies":"Cultist","floor":1.0,"turns":3.0},{"damage":10.0,"enemies":"2 Louse","floor":4.0,"turns":3.0},{"damage":20.0,"enemies":"Lagavulin","floor":6.0,"turns":7.0},{"damage":19.0,"enemies":"Jaw Worm","floor":10.0,"turns":4.0},{"damage":14.0,"enemies":"Gremlin Nob","floor":11.0,"turns":3.0},{"damage":8.0,"enemies":"Blue Slaver","floor":12.0,"turns":2.0},{"damage":12,"enemies":"Exordium Thugs","floor":14,"turns":3}],"seed_played":"6210241128360590426","potions_obtained":[{"floor":4.0,"key":"Energy Potion"},{"floor":5.0,"key":"PowerPotion"},{"floor":5.0,"key":"CultistPotion"},{"floor":11.0,"key":"Swift Potion"},{"floor":12.0,"key":"ColorlessPotion"}],"is_trial":false,"path_per_floor":["M","?","?","M","?","E","$","R","T","M","E","M","R","M"],"character_chosen":"DEFECT","items_purchased":["Doom and Gloom"],"campfire_rested":0,"item_purchase_floors":[7],"current_hp_per_floor":[63,63,63,53,53,33,33,42,42,23,9,1,10,0],"gold":52,"neow_bonus":"BOSS_RELIC","is_prod":false,"is_daily":false,"chose_seed":false,"campfire_upgraded":2,"win_rate":0,"timestamp":1649925955,"path_taken":["M","?","?","M","?","E","$","R","T","?","E","M","R","M"],"build_version":"2022-03-07","purchased_purges":0,"victory":false,"max_hp_per_floor":[71,71,71,71,71,71,71,71,71,71,71,71,71,71],"relic_stats":{"Calipers":[0],"counters":[7,25],"Eternal Feather":18,"Art of War":[0],"MawBank":12,"obtain_stats":[{"SlaversCollar":0,"Calipers":11,"Eternal Feather":2,"Art of War":9,"Cracked Core":0,"MawBank":6},{"SlaversCollar":0,"Calipers":5,"Eternal Feather":1,"Art of War":3,"Cracked Core":0,"MawBank":3},{"SlaversCollar":0,"Calipers":20,"Eternal Feather":3,"Art of War":13,"Cracked Core":0,"MawBank":13}]},"card_choices":[{"not_picked":["Conserve Battery","Heatsinks"],"picked":"Compile Driver","floor":1.0},{"not_picked":["Steam","Capacitor"],"picked":"Turbo","floor":4.0},{"not_picked":["Stack","Redo"],"picked":"Beam Cell","floor":6.0},{"not_picked":["Turbo","Hologram"],"picked":"Redo","floor":10.0},{"not_picked":["Barrage","Redo","Steam Power"],"picked":"SKIP","floor":11.0},{"not_picked":["Heatsinks","Beam Cell"],"picked":"Leap","floor":12.0}],"player_experience":755996,"relics_obtained":[{"floor":6.0,"key":"MawBank"},{"floor":9.0,"key":"Art of War"},{"floor":11.0,"key":"Calipers"}],"event_choices":[{"damage_healed":0.0,"max_hp_gain":0.0,"max_hp_loss":0.0,"gold_gain":0.0,"event_name":"Big Fish","player_choice":"Box","floor":2.0,"gold_loss":0.0,"damage_taken":0.0,"relics_obtained":["Eternal Feather"],"cards_obtained":["Regret"]},{"cards_removed":["Regret"],"damage_healed":0.0,"max_hp_gain":0.0,"max_hp_loss":0.0,"gold_gain":0.0,"event_name":"The Cleric","player_choice":"Card Removal","floor":3.0,"gold_loss":75.0,"damage_taken":0.0},{"damage_healed":0.0,"max_hp_gain":0.0,"max_hp_loss":0.0,"gold_gain":0.0,"event_name":"Lab","player_choice":"Got Potions","floor":5.0,"gold_loss":0.0,"damage_taken":0.0}],"is_beta":false,"boss_relics":[],"items_purged_floors":[],"is_endless":false,"potions_floor_spawned":[4,11,12],"killed_by":"Exordium Thugs","ascension_level":20}