{"gold_per_floor":[115,40,40,40,40,75,75,87,111,145,227,227,56,1,1,79,79,96,106,118,118,118,147,147,172,172,182,202,202,237,237,237,237],"floor_reached":33,"playtime":1775,"items_purged":[],"score":618,"play_id":"5a126e74-fe4d-4e9d-af0c-1717586f23eb","local_time":"20220502034326","is_ascension_mode":true,"campfire_choices":[{"data":"Zap","floor":7.0,"key":"SMITH"},{"floor":12.0,"key":"REST"},{"data":"Ball Lightning","floor":15.0,"key":"SMITH"},{"floor":24.0,"key":"REST"},{"floor":29,"key":"REST"},{"floor":32,"key":"REST"}],"neow_cost":"NONE","seed_source_timestamp":358341948870650,"circlet_count":0,"master_deck":["AscendersBane","Strike_B","Strike_B","Strike_B","Strike_B","Defend_B","Defend_B","Zap+1","Dualcast","Glacier","Reprogram","Cold Snap","Core Surge","Ball Lightning+1","Thunder Strike","Compile Driver+1","Ball Lightning+1","RitualDagger"],"special_seed":0,"relics":["Cracked Core","Orichalcum","Regal Pillow","Art of War","InkBottle","Bag of Marbles","Fusion Hammer","Torii","Oddly Smooth Stone","Lizard Tail","Question Card"],"potions_floor_usage":[33],"damage_taken":[{"damage":4.0,"enemies":"Small Slimes","floor":1.0,"turns":3.0},{"damage":36.0,"enemies":"Lagavulin","floor":6.0,"turns":8.0},{"damage":6.0,"enemies":"Jaw Worm","floor":8.0,"turns":2.0},{"damage":12.0,"enemies":"3 Sentries","floor":10.0,"turns":14.0},{"damage":9.0,"enemies":"Slime Boss","floor":16.0,"turns":9.0},{"damage":1.0,"enemies":"3 Byrds","floor":18.0,"turns":6.0},{"damage":17.0,"enemies":"Shell Parasite","floor":19.0,"turns":3.0},{"damage":6.0,"enemies":"Chosen and Byrds","floor":20.0,"turns":5.0},{"damage":47.0,"enemies":"Slavers","floor":23.0,"turns":4.0},{"damage":19.0,"enemies":"Gremlin Leader","floor":25.0,"turns":6.0},{"damage":25,"enemies":"Shelled Parasite and Fungi","floor":27,"turns":5},{"damage":17,"enemies":"Snake Plant","floor":28,"turns":2},{"damage":23,"enemies":"Slavers","floor":30,"turns":5},{"damage":98,"enemies":"Collector","floor":33,"turns":7}],"seed_played":"-6698764909201138966","potions_obtained":[{"floor":6.0,"key":"GamblersBrew"},{"floor":10.0,"key":"Weak Potion"},{"floor":23.0,"key":"AttackPotion"},{"floor":28,"key":"LiquidMemories"}],"is_trial":false,"path_per_floor":["M","?","?","?","$","E","R","M","T","E","T","R","$","$","R","B",null,"M","M","M","?","?","E","R","E","T","M","M","R","E","?","R","B"],"character_chosen":"DEFECT","items_purchased":["Bag of Marbles","Ball Lightning"],"campfire_rested":4,"item_purchase_floors":[13,14],"current_hp_per_floor":[60,60,65,65,65,29,29,23,23,11,11,48,48,48,48,39,67,66,49,43,58,52,5,42,23,23,37,20,57,34,34,71,0],"gold":237,"neow_bonus":"RANDOM_COMMON_RELIC","is_prod":false,"is_daily":false,"chose_seed":false,"campfire_upgraded":2,"win_rate":0,"timestamp":1651488206,"path_taken":["M","?","?","?","$","E","R","?","T","E","?","R","?","$","R","BOSS","M","M","M","?","?","E","R","E","T","M","M","R","E","?","R","BOSS"],"build_version":"2022-03-07","purchased_purges":0,"victory":false,"max_hp_per_floor":[71,71,76,76,76,76,76,76,76,76,76,76,76,76,76,76,76,76,76,76,76,76,76,76,76,76,76,76,76,76,76,76,76],"relic_stats":{"Regal Pillow":60,"Lizard Tail":38,"Torii":10,"counters":[14,79],"Art of War":[3],"Orichalcum":[210],"Question Card":0,"obtain_stats":[{"Regal Pillow":6,"Lizard Tail":26,"Torii":23,"Oddly Smooth Stone":25,"Fusion Hammer":17,"Art of War":10,"Bag of Marbles":13,"Orichalcum":0,"Cracked Core":0,"Question Card":30,"InkBottle":11},{"Regal Pillow":2,"Lizard Tail":10,"Torii":9,"Oddly Smooth Stone":10,"Fusion Hammer":5,"Art of War":4,"Bag of Marbles":4,"Orichalcum":0,"Cracked Core":0,"Question Card":13,"InkBottle":4},{"Regal Pillow":11,"Lizard Tail":60,"Torii":54,"Oddly Smooth Stone":60,"Fusion Hammer":36,"Art of War":27,"Bag of Marbles":27,"Orichalcum":0,"Cracked Core":0,"Question Card":72,"InkBottle":27}],"InkBottle":[17]},"card_choices":[{"not_picked":["Beam Cell","Turbo"],"picked":"Glacier","floor":1.0},{"not_picked":["Barrage","Redo","Stack"],"picked":"SKIP","floor":6.0},{"not_picked":["Leap","Scrape"],"picked":"Cold Snap","floor":8.0},{"not_picked":["Leap","BootSequence"],"picked":"Core Surge","floor":10.0},{"not_picked":["Multi-Cast","All For One"],"picked":"Thunder Strike","floor":16.0},{"not_picked":["Capacitor","Coolheaded"],"picked":"Compile Driver+1","floor":18.0},{"not_picked":["Leap","Conserve Battery"],"picked":"Ball Lightning+1","floor":19.0},{"not_picked":["Go for the Eyes","Redo+1","Coolheaded"],"picked":"SKIP","floor":20.0},{"not_picked":["All For One","Gash","Streamline"],"picked":"SKIP","floor":23.0},{"not_picked":["Consume","Streamline","Rip and Tear"],"picked":"SKIP","floor":25.0},{"not_picked":["Sweeping Beam","Compile Driver","Redo"],"picked":"SKIP","floor":27},{"not_picked":["Double Energy","Coolheaded","Rebound+1"],"picked":"SKIP","floor":28},{"not_picked":["Streamline","Redo","Ball Lightning+1"],"picked":"SKIP","floor":30}],"player_experience":908804,"relics_obtained":[{"floor":6.0,"key":"Regal Pillow"},{"floor":10.0,"key":"Art of War"},{"floor":11.0,"key":"InkBottle"},{"floor":23.0,"key":"Torii"},{"floor":25.0,"key":"Oddly Smooth Stone"},{"floor":26.0,"key":"Lizard Tail"},{"floor":30,"key":"Question Card"}],"event_choices":[{"cards_removed":["Defend_B"],"damage_healed":0.0,"max_hp_gain":0.0,"max_hp_loss":0.0,"gold_gain":0.0,"event_name":"The Cleric","player_choice":"Card Removal","floor":2.0,"gold_loss":75.0,"damage_taken":0.0},{"damage_healed":0.0,"max_hp_gain":5.0,"max_hp_loss":0.0,"gold_gain":0.0,"event_name":"Big Fish","player_choice":"Donut","floor":3.0,"gold_loss":0.0,"damage_taken":0.0},{"damage_healed":0.0,"max_hp_gain":0.0,"max_hp_loss":0.0,"gold_gain":0.0,"cards_transformed":["Defend_B"],"event_name":"Transmorgrifier","player_choice":"Transformed","floor":4.0,"gold_loss":0.0,"damage_taken":0.0,"cards_obtained":["Reprogram"]},{"damage_healed":15.0,"max_hp_gain":0.0,"max_hp_loss":0.0,"gold_gain":0.0,"event_name":"The Library","player_choice":"Heal","floor":21.0,"gold_loss":0.0,"damage_taken":0.0},{"damage_healed":0.0,"max_hp_gain":0.0,"max_hp_loss":0.0,"gold_gain":0.0,"event_name":"Nest","player_choice":"Joined the Cult","floor":22.0,"gold_loss":0.0,"damage_taken":6.0,"cards_obtained":["RitualDagger"]},{"damage_healed":0,"gold_gain":0,"player_choice":"Ignored","damage_taken":0,"max_hp_gain":0,"max_hp_loss":0,"event_name":"Ghosts","floor":31,"gold_loss":0}],"is_beta":false,"boss_relics":[{"not_picked":["Pandora\u0027s Box","FrozenCore"],"picked":"Fusion Hammer"}],"items_purged_floors":[],"is_endless":false,"potions_floor_spawned":[6,10,23,28],"killed_by":"Collector","ascension_level":20}