{"gold_per_floor":[114,114,11,26,47,47,47,86,113,113,156,156,175,213,213,213],"floor_reached":16,"playtime":766,"items_purged":["Defend_B"],"score":236,"play_id":"416e6ae8-8e8a-4bc7-8dcd-4fdd139f437d","local_time":"20220430060410","is_ascension_mode":true,"campfire_choices":[{"data":"Zap","floor":6.0,"key":"SMITH"},{"data":"Electrodynamics","floor":10.0,"key":"SMITH"},{"data":"Dualcast","floor":15,"key":"SMITH"}],"neow_cost":"TEN_PERCENT_HP_LOSS","seed_source_timestamp":259311787022992,"circlet_count":0,"master_deck":["AscendersBane","Strike_B","Strike_B","Strike_B","Defend_B","Defend_B","Defend_B","Zap+1","Dualcast+1","Electrodynamics+1","Turbo","Leap","Compile Driver","FTL","All For One","Conserve Battery"],"special_seed":0,"relics":["Cracked Core","Golden Idol","Art of War","Lantern","Pear","Juzu Bracelet"],"potions_floor_usage":[14],"damage_taken":[{"damage":0.0,"enemies":"2 Louse","floor":1.0,"turns":2.0},{"damage":0.0,"enemies":"Cultist","floor":4.0,"turns":3.0},{"damage":0.0,"enemies":"Small Slimes","floor":5.0,"turns":2.0},{"damage":6.0,"enemies":"3 Sentries","floor":8.0,"turns":3.0},{"damage":8.0,"enemies":"Gremlin Nob","floor":11.0,"turns":3.0},{"damage":0,"enemies":"2 Fungi Beasts","floor":13,"turns":1},{"damage":23,"enemies":"Lagavulin","floor":14,"turns":4},{"damage":24,"enemies":"The Guardian","floor":16,"turns":8}],"seed_played":"3950930123095436669","potions_obtained":[{"floor":4.0,"key":"FocusPotion"},{"floor":5.0,"key":"AttackPotion"},{"floor":13,"key":"EssenceOfSteel"},{"floor":14,"key":"Energy Potion"}],"is_trial":false,"path_per_floor":["M","?","$","M","M","R","?","E","T","R","E","?","M","E","R","B"],"character_chosen":"DEFECT","items_purchased":["Leap"],"campfire_rested":0,"item_purchase_floors":[3],"current_hp_per_floor":[64,58,58,58,58,58,58,52,52,52,54,47,47,24,24,0],"gold":213,"neow_bonus":"THREE_RARE_CARDS","is_prod":false,"is_daily":false,"chose_seed":false,"campfire_upgraded":3,"win_rate":0,"timestamp":1651316650,"path_taken":["M","?","$","M","M","R","?","E","T","R","E","?","M","E","R","BOSS"],"build_version":"2022-03-07","purchased_purges":1,"victory":false,"max_hp_per_floor":[64,58,58,58,58,58,58,58,58,58,68,68,68,68,68,68],"relic_stats":{"counters":[8,26],"Golden Idol":36,"Art of War":[3],"Juzu Bracelet":0,"obtain_stats":[{"Lantern":9,"Pear":11,"Golden Idol":2,"Art of War":8,"Juzu Bracelet":14,"Cracked Core":0},{"Lantern":4,"Pear":5,"Golden Idol":1,"Art of War":4,"Juzu Bracelet":7,"Cracked Core":0},{"Lantern":10,"Pear":13,"Golden Idol":2,"Art of War":10,"Juzu Bracelet":18,"Cracked Core":0}]},"card_choices":[{"not_picked":["Meteor Strike","Machine Learning"],"picked":"Electrodynamics","floor":0.0},{"not_picked":["Capacitor","Force Field"],"picked":"Turbo","floor":1.0},{"not_picked":["Barrage","Aggregate","Steam"],"picked":"SKIP","floor":4.0},{"not_picked":["Beam Cell","Stack"],"picked":"Compile Driver","floor":5.0},{"not_picked":["Darkness","Static Discharge"],"picked":"FTL","floor":8.0},{"not_picked":["Barrage","Blizzard","Redo"],"picked":"SKIP","floor":11.0},{"not_picked":["Scrape","Recycle"],"picked":"All For One","floor":13},{"not_picked":["Melter","Sunder"],"picked":"Conserve Battery","floor":14}],"player_experience":901454,"relics_obtained":[{"floor":8.0,"key":"Art of War"},{"floor":9.0,"key":"Lantern"},{"floor":11.0,"key":"Pear"},{"floor":14,"key":"Juzu Bracelet"}],"event_choices":[{"damage_healed":0.0,"max_hp_gain":0.0,"max_hp_loss":6.0,"gold_gain":0.0,"event_name":"Golden Idol","player_choice":"Lose Max HP","floor":2.0,"gold_loss":0.0,"damage_taken":0.0,"relics_obtained":["Golden Idol"]},{"damage_healed":0.0,"max_hp_gain":0.0,"max_hp_loss":0.0,"gold_gain":0.0,"event_name":"The Cleric","player_choice":"Leave","floor":7.0,"gold_loss":0.0,"damage_taken":0.0},{"cards_removed":["Strike_B"],"damage_healed":0.0,"max_hp_gain":0.0,"max_hp_loss":0.0,"gold_gain":0.0,"event_name":"Golden Wing","player_choice":"Card Removal","floor":12.0,"gold_loss":0.0,"damage_taken":7.0}],"is_beta":false,"boss_relics":[],"items_purged_floors":[3],"is_endless":false,"potions_floor_spawned":[4,5,13,14],"killed_by":"The Guardian","ascension_level":20}