{"gold_per_floor":[110,122,102,112,162,162,176,176,199,236,236,275,295,295],"floor_reached":14,"playtime":623,"items_purged":[],"score":200,"play_id":"1ed3130d-7ce5-43a4-8e7b-0c4ca63aee57","local_time":"20220826051140","is_ascension_mode":true,"campfire_choices":[{"data":"Coolheaded","floor":6.0,"key":"SMITH"}],"neow_cost":"NONE","seed_source_timestamp":275481502909105,"circlet_count":0,"master_deck":["AscendersBane","Strike_B","Strike_B","Strike_B","Strike_B","Defend_B","Defend_B","Defend_B","Defend_B","Zap","Dualcast","Cold Snap","Sweeping Beam","Coolheaded+1","Doom and Gloom","Echo Form","Genetic Algorithm","Beam Cell"],"special_seed":0,"relics":["Inserter","Vajra","CeramicFish","Mummified Hand","Akabeko"],"potions_floor_usage":[14],"damage_taken":[{"damage":3.0,"enemies":"Small Slimes","floor":1.0,"turns":5.0},{"damage":1.0,"enemies":"Cultist","floor":2.0,"turns":4.0},{"damage":11.0,"enemies":"Jaw Worm","floor":4.0,"turns":5.0},{"damage":24.0,"enemies":"Gremlin Gang","floor":7.0,"turns":5.0},{"damage":52.0,"enemies":"Gremlin Nob","floor":10.0,"turns":5.0},{"damage":13.0,"enemies":"Lagavulin","floor":12.0,"turns":7.0},{"damage":4,"enemies":"Looter","floor":13,"turns":3},{"damage":5,"enemies":"Exordium Wildlife","floor":14,"turns":1}],"seed_played":"-6861550368760622705","potions_obtained":[{"floor":1.0,"key":"FearPotion"},{"floor":3.0,"key":"Regen Potion"},{"floor":7.0,"key":"FairyPotion"},{"floor":13,"key":"PowerPotion"}],"is_trial":false,"path_per_floor":["M","M","?","M","?","R","M","?","T","E","T","E","M","M"],"character_chosen":"DEFECT","items_purchased":[],"campfire_rested":0,"item_purchase_floors":[],"current_hp_per_floor":[61,60,60,63,56,56,32,32,32,21,21,8,4,0],"gold":295,"neow_bonus":"BOSS_RELIC","is_prod":false,"is_daily":false,"chose_seed":false,"campfire_upgraded":1,"win_rate":0,"timestamp":1661515900,"path_taken":["M","M","?","?","?","R","?","?","T","E","?","E","?","M"],"build_version":"2022-03-07","purchased_purges":0,"victory":false,"max_hp_per_floor":[71,71,71,71,71,71,71,71,71,71,71,71,71,71],"relic_stats":{"Inserter":[17],"counters":[8,35],"Mummified Hand":[2],"CeramicFish":27,"obtain_stats":[{"Inserter":0,"Mummified Hand":11,"CeramicFish":10,"Vajra":9,"Cracked Core":0,"Akabeko":12},{"Inserter":0,"Mummified Hand":5,"CeramicFish":5,"Vajra":4,"Cracked Core":0,"Akabeko":6},{"Inserter":0,"Mummified Hand":24,"CeramicFish":24,"Vajra":19,"Cracked Core":0,"Akabeko":31}]},"card_choices":[{"not_picked":["Auto Shields","Skim"],"picked":"Cold Snap","floor":1.0},{"not_picked":["Compile Driver","Redo"],"picked":"Sweeping Beam","floor":2.0},{"not_picked":["Sweeping Beam","Stack"],"picked":"Coolheaded","floor":4.0},{"not_picked":["Double Energy","Tempest"],"picked":"Doom and Gloom","floor":7.0},{"not_picked":["Stack","Turbo"],"picked":"Echo Form","floor":10.0},{"not_picked":["Barrage","Stack"],"picked":"Genetic Algorithm","floor":12.0},{"not_picked":["Streamline","Cold Snap"],"picked":"Beam Cell","floor":13}],"player_experience":1118433,"relics_obtained":[{"floor":9.0,"key":"Vajra"},{"floor":10.0,"key":"CeramicFish"},{"floor":11.0,"key":"Mummified Hand"},{"floor":12.0,"key":"Akabeko"}],"event_choices":[{"damage_healed":0.0,"max_hp_gain":0.0,"max_hp_loss":0.0,"gold_gain":0.0,"event_name":"The Woman in Blue","player_choice":"Bought 1 Potion","floor":3.0,"gold_loss":0.0,"damage_taken":0.0},{"damage_healed":0.0,"max_hp_gain":0.0,"max_hp_loss":0.0,"gold_gain":50.0,"event_name":"FaceTrader","player_choice":"Touch","floor":5.0,"gold_loss":0.0,"damage_taken":7.0},{"damage_healed":0.0,"max_hp_gain":0.0,"max_hp_loss":0.0,"gold_gain":0.0,"event_name":"Liars Game","player_choice":"Ignored","floor":8.0,"gold_loss":0.0,"damage_taken":0.0}],"is_beta":false,"boss_relics":[],"items_purged_floors":[],"is_endless":false,"potions_floor_spawned":[1,7,13],"killed_by":"Exordium Wildlife","ascension_level":20}