{"gold_per_floor":[129,157,169,181,205,217,257,289,327,354,366,378,409,459,471,574,586,618,97,112,112,112,112,143,143,169,169],"floor_reached":27,"playtime":1365,"items_purged":["Strike_B"],"score":532,"play_id":"b0d8369e-86f5-4c4d-b3a5-63a70aecf433","local_time":"20220909003447","is_ascension_mode":true,"campfire_choices":[{"data":"Defragment","floor":6.0,"key":"SMITH"},{"floor":11.0,"key":"REST"},{"data":"Zap","floor":15.0,"key":"SMITH"},{"data":"Seek","floor":23,"key":"SMITH"},{"data":"Redo","floor":25,"key":"SMITH"}],"neow_cost":"NONE","seed_source_timestamp":157911695174042,"circlet_count":0,"master_deck":["AscendersBane","Strike_B","Strike_B","Strike_B+1","Defend_B","Defend_B+1","Defend_B","Defend_B","Zap+1","Dualcast","Defragment+1","Compile Driver","All For One","Cold Snap","Beam Cell","Go for the Eyes","Hologram","Seek+1","Glacier","Redo+1"],"special_seed":0,"relics":["Cracked Core","MawBank","Potion Belt","Tiny Chest","Golden Idol","Nunchaku","SacredBark","Shuriken","Bag of Preparation","InkBottle","Cables","Toy Ornithopter"],"potions_floor_usage":[24,24],"damage_taken":[{"damage":3.0,"enemies":"Small Slimes","floor":1.0,"turns":3.0},{"damage":0.0,"enemies":"2 Louse","floor":2.0,"turns":3.0},{"damage":0.0,"enemies":"Cultist","floor":5.0,"turns":3.0},{"damage":7.0,"enemies":"Lagavulin","floor":7.0,"turns":7.0},{"damage":22.0,"enemies":"Gremlin Gang","floor":8.0,"turns":5.0},{"damage":4.0,"enemies":"Looter","floor":10.0,"turns":3.0},{"damage":0.0,"enemies":"Large Slime","floor":13.0,"turns":3.0},{"damage":0.0,"enemies":"Gremlin Nob","floor":14.0,"turns":3.0},{"damage":3.0,"enemies":"Slime Boss","floor":16.0,"turns":9.0},{"damage":25.0,"enemies":"3 Byrds","floor":18.0,"turns":6.0},{"damage":15.0,"enemies":"Shell Parasite","floor":20.0,"turns":5.0},{"damage":9,"enemies":"Slavers","floor":24,"turns":4},{"damage":19,"enemies":"Gremlin Leader","floor":27,"turns":4}],"seed_played":"1297398124918348056","potions_obtained":[{"floor":5.0,"key":"Weak Potion"},{"floor":7.0,"key":"Energy Potion"},{"floor":8.0,"key":"Weak Potion"},{"floor":13.0,"key":"FearPotion"},{"floor":18.0,"key":"EssenceOfDarkness"}],"is_trial":false,"path_per_floor":["M","M","?","?","M","R","E","M","T","M","R","?","M","E","R","B",null,"M","$","M","?","T","R","E","R","T","E"],"character_chosen":"DEFECT","items_purchased":["Shuriken","Bag of Preparation"],"campfire_rested":1,"item_purchase_floors":[19,19],"current_hp_per_floor":[61,61,40,40,40,40,33,11,11,7,28,28,28,28,28,25,54,29,29,14,27,27,27,18,18,18,0],"gold":169,"neow_bonus":"RANDOM_COMMON_RELIC","is_prod":false,"is_daily":false,"chose_seed":false,"campfire_upgraded":4,"win_rate":0,"timestamp":1662708887,"path_taken":["M","M","?","?","?","R","E","M","T","?","R","?","M","E","R","BOSS","M","$","M","?","?","R","E","R","T","E"],"build_version":"2022-03-07","purchased_purges":1,"victory":false,"max_hp_per_floor":[71,71,71,71,71,71,71,71,71,71,71,64,64,64,64,64,64,64,64,64,64,64,64,64,64,64,64],"relic_stats":{"Nunchaku":[6],"counters":[13,58],"Golden Idol":43,"Shuriken":[7],"Tiny Chest":1,"Bag of Preparation":[6],"MawBank":228,"obtain_stats":[{"Potion Belt":4,"Nunchaku":14,"Golden Idol":12,"Shuriken":19,"SacredBark":17,"Tiny Chest":7,"Bag of Preparation":19,"Cracked Core":0,"MawBank":0,"InkBottle":22,"Toy Ornithopter":26,"Cables":24},{"Potion Belt":2,"Nunchaku":8,"Golden Idol":6,"Shuriken":10,"SacredBark":9,"Tiny Chest":4,"Bag of Preparation":10,"Cracked Core":0,"MawBank":0,"InkBottle":11,"Toy Ornithopter":12,"Cables":12},{"Potion Belt":6,"Nunchaku":30,"Golden Idol":24,"Shuriken":45,"SacredBark":39,"Tiny Chest":16,"Bag of Preparation":45,"Cracked Core":0,"MawBank":0,"InkBottle":50,"Toy Ornithopter":54,"Cables":54}],"InkBottle":[3],"Toy Ornithopter":0,"Cables":[4,3,1,0,0]},"card_choices":[{"not_picked":["Cold Snap","Barrage"],"picked":"Defragment","floor":1.0},{"not_picked":["Blizzard","White Noise"],"picked":"Rebound","floor":2.0},{"not_picked":["Gash","Steam"],"picked":"Compile Driver","floor":5.0},{"not_picked":["Hello World","Turbo"],"picked":"All For One","floor":7.0},{"not_picked":["Sweeping Beam","Barrage"],"picked":"Cold Snap","floor":8.0},{"not_picked":["Compile Driver","Chaos"],"picked":"Beam Cell","floor":10.0},{"not_picked":["Beam Cell","Sweeping Beam"],"picked":"Go for the Eyes","floor":13.0},{"not_picked":["Tempest","Rebound"],"picked":"Hologram","floor":14.0},{"not_picked":["Buffer","Creative AI"],"picked":"Seek","floor":16.0},{"not_picked":["Barrage+1","Streamline","Gash"],"picked":"SKIP","floor":18.0},{"not_picked":["Scrape","Go for the Eyes"],"picked":"Glacier","floor":20.0},{"not_picked":["Rebound","Compile Driver"],"picked":"Redo","floor":24}],"player_experience":1172662,"relics_obtained":[{"floor":7.0,"key":"Tiny Chest"},{"floor":14.0,"key":"Nunchaku"},{"floor":22,"key":"InkBottle"},{"floor":24,"key":"Cables"},{"floor":26,"key":"Toy Ornithopter"}],"event_choices":[{"damage_healed":0.0,"max_hp_gain":0.0,"max_hp_loss":0.0,"gold_gain":0.0,"event_name":"Shining Light","player_choice":"Entered Light","floor":3.0,"gold_loss":0.0,"damage_taken":21.0,"cards_upgraded":["Strike_B","Defend_B"]},{"cards_removed":["Rebound"],"damage_healed":0.0,"max_hp_gain":0.0,"max_hp_loss":0.0,"gold_gain":0.0,"event_name":"WeMeetAgain","player_choice":"Gave Card","floor":4.0,"gold_loss":0.0,"damage_taken":0.0,"relics_obtained":["Potion Belt"]},{"damage_healed":0.0,"max_hp_gain":0.0,"max_hp_loss":7.0,"gold_gain":0.0,"event_name":"Golden Idol","player_choice":"Lose Max HP","floor":12.0,"gold_loss":0.0,"damage_taken":0.0,"relics_obtained":["Golden Idol"]},{"damage_healed":13,"gold_gain":0,"player_choice":"Heal","damage_taken":0,"max_hp_gain":0,"max_hp_loss":0,"event_name":"The Library","floor":21,"gold_loss":0}],"is_beta":false,"boss_relics":[{"not_picked":["Ectoplasm","Velvet Choker"],"picked":"SacredBark"}],"items_purged_floors":[19],"is_endless":false,"potions_floor_spawned":[5,7,8,13,18],"killed_by":"Gremlin Leader","ascension_level":20}