{"gold_per_floor":[110,121,4,22,38,38,363,380,380,380,413,429,429,449,449,525,525,538,553,128,128,142,142,157,157,157,190,200,218,229,262,262,337,337,351,368,393,406,418,293,293,304,327,358,372,406,406,439,439,439,439,439,439,16,44,44],"floor_reached":56,"playtime":6597,"items_purged":["Strike_B","Strike_B","Strike_B"],"score":2265,"play_id":"bb5d2b8f-c388-4f40-ae31-cfa449cafeb1","local_time":"20220911013321","is_ascension_mode":true,"campfire_choices":[{"data":"Doom and Gloom","floor":6.0,"key":"SMITH"},{"data":"Hologram","floor":10.0,"key":"SMITH"},{"data":"Lockon","floor":13.0,"key":"SMITH"},{"data":"Go for the Eyes","floor":15.0,"key":"SMITH"},{"data":"Biased Cognition","floor":23.0,"key":"SMITH"},{"data":"Coolheaded","floor":25.0,"key":"SMITH"},{"floor":32.0,"key":"REST"},{"floor":41.0,"key":"RECALL"},{"data":"Electrodynamics","floor":47.0,"key":"SMITH"},{"data":"All For One","floor":49.0,"key":"SMITH"},{"data":"Defend_B","floor":53.0,"key":"SMITH"}],"neow_cost":"TEN_PERCENT_HP_LOSS","seed_source_timestamp":0,"circlet_count":0,"master_deck":["AscendersBane","Defend_B+1","Defend_B","Defend_B","Zap","Dualcast","Ball Lightning","Lockon+1","Doom and Gloom+1","Hologram+1","BootSequence","Go for the Eyes+1","Ball Lightning","Biased Cognition+1","All For One+1","Leap+1","Coolheaded+1","Seek+1","Coolheaded+1","Creative AI","Electrodynamics+1","Aggregate+1","Hologram+1","Rainbow+1","Rainbow+1","Compile Driver"],"special_seed":0,"relics":["Cracked Core","Old Coin","Mercury Hourglass","Blue Candle","Snecko Eye","Bag of Preparation","MutagenicStrength","Toxic Egg 2","HornCleat","CaptainsWheel","Coffee Dripper","Mango","Potion Belt","Bag of Marbles","Anchor","Ice Cream","Nunchaku"],"potions_floor_usage":[56,56,56,56],"damage_taken":[{"damage":4.0,"enemies":"2 Louse","floor":1.0,"turns":4.0},{"damage":7.0,"enemies":"Jaw Worm","floor":2.0,"turns":2.0},{"damage":0.0,"enemies":"Cultist","floor":4.0,"turns":2.0},{"damage":4.0,"enemies":"Red Slaver","floor":5.0,"turns":2.0},{"damage":12.0,"enemies":"3 Sentries","floor":7.0,"turns":5.0},{"damage":0.0,"enemies":"Gremlin Gang","floor":8.0,"turns":3.0},{"damage":6.0,"enemies":"Gremlin Nob","floor":11.0,"turns":3.0},{"damage":1.0,"enemies":"Looter","floor":12.0,"turns":3.0},{"damage":0.0,"enemies":"3 Louse","floor":14.0,"turns":2.0},{"damage":17.0,"enemies":"Hexaghost","floor":16.0,"turns":7.0},{"damage":6.0,"enemies":"Spheric Guardian","floor":18.0,"turns":3.0},{"damage":0.0,"enemies":"Chosen","floor":19.0,"turns":2.0},{"damage":0.0,"enemies":"Centurion and Healer","floor":22.0,"turns":3.0},{"damage":0.0,"enemies":"Sentry and Sphere","floor":24.0,"turns":2.0},{"damage":0.0,"enemies":"Gremlin Leader","floor":27.0,"turns":2.0},{"damage":2.0,"enemies":"Shelled Parasite and Fungi","floor":28.0,"turns":6.0},{"damage":0.0,"enemies":"3 Cultists","floor":29.0,"turns":3.0},{"damage":9.0,"enemies":"Centurion and Healer","floor":30.0,"turns":4.0},{"damage":5.0,"enemies":"Book of Stabbing","floor":31.0,"turns":6.0},{"damage":0.0,"enemies":"Collector","floor":33.0,"turns":6.0},{"damage":0.0,"enemies":"3 Shapes","floor":35.0,"turns":4.0},{"damage":2.0,"enemies":"Orb Walker","floor":36.0,"turns":3.0},{"damage":0.0,"enemies":"Mind Bloom Boss Battle","floor":37.0,"turns":5.0},{"damage":0.0,"enemies":"Jaw Worm Horde","floor":38.0,"turns":1.0},{"damage":1.0,"enemies":"Spire Growth","floor":39.0,"turns":3.0},{"damage":6.0,"enemies":"Writhing Mass","floor":42.0,"turns":7.0},{"damage":0.0,"enemies":"Reptomancer","floor":44.0,"turns":6.0},{"damage":11.0,"enemies":"Maw","floor":45.0,"turns":5.0},{"damage":0.0,"enemies":"Nemesis","floor":46.0,"turns":5.0},{"damage":3.0,"enemies":"Giant Head","floor":48.0,"turns":5.0},{"damage":16.0,"enemies":"Awakened One","floor":50.0,"turns":9.0},{"damage":14.0,"enemies":"Donu and Deca","floor":51.0,"turns":10.0},{"damage":6,"enemies":"Shield and Spear","floor":55,"turns":5},{"damage":63,"enemies":"The Heart","floor":56,"turns":8}],"seed_played":"8887896409129296200","potions_obtained":[{"floor":2.0,"key":"FearPotion"},{"floor":5.0,"key":"SteroidPotion"},{"floor":8.0,"key":"Strength Potion"},{"floor":11.0,"key":"Fire Potion"},{"floor":19.0,"key":"LiquidBronze"},{"floor":33.0,"key":"BlessingOfTheForge"},{"floor":35.0,"key":"Ancient Potion"},{"floor":42.0,"key":"ColorlessPotion"},{"floor":44.0,"key":"Explosive Potion"},{"floor":45.0,"key":"PotionOfCapacity"},{"floor":55,"key":"EssenceOfSteel"}],"is_trial":false,"path_per_floor":["M","M","$","M","M","R","E","M","T","R","E","M","R","M","R","B",null,"M","M","$","?","M","R","M","R","T","E","M","M","M","E","R","B",null,"M","M","?","M","M","$","R","M","T","E","M","E","R","E","R","B","B",null,"R","$","E","B"],"character_chosen":"DEFECT","items_purchased":["Doom and Gloom","All For One","Bag of Preparation","Ice Cream","PotionOfCapacity"],"campfire_rested":1,"item_purchase_floors":[3,20,20,54,54],"current_hp_per_floor":[60,53,53,53,49,49,37,37,37,37,31,30,30,30,30,13,51,45,45,45,45,45,45,45,45,45,45,43,43,34,29,48,48,60,60,58,72,72,71,71,71,65,65,65,54,54,54,51,51,35,21,64,64,64,58,0],"gold":44,"neow_bonus":"REMOVE_TWO","is_prod":false,"is_daily":false,"chose_seed":false,"campfire_upgraded":9,"win_rate":0,"timestamp":1662885201,"path_taken":["M","M","$","M","M","R","E","M","T","R","E","M","R","M","R","BOSS","M","M","$","?","M","R","M","R","T","E","M","M","M","E","R","BOSS","M","M","?","M","M","$","R","M","T","E","M","E","R","E","R","BOSS","BOSS","R","$","E","BOSS"],"build_version":"2022-03-07","purchased_purges":3,"victory":false,"max_hp_per_floor":[64,64,64,64,64,64,64,64,64,64,64,64,64,64,64,64,64,64,64,64,64,64,64,64,64,64,64,64,64,64,64,64,64,64,64,64,78,78,78,78,78,78,78,78,78,78,78,78,78,78,78,78,78,78,78,78],"relic_stats":{"Ice Cream":[10],"Nunchaku":[0],"counters":[34,146],"Blue Candle":[0],"Snecko Eye":[220,207,219,249,-434],"Bag of Preparation":[44],"obtain_stats":[{"Potion Belt":44,"Ice Cream":54,"Blue Candle":11,"Mango":37,"Bag of Preparation":20,"Old Coin":7,"Mercury Hourglass":9,"CaptainsWheel":31,"Anchor":48,"Nunchaku":55,"HornCleat":27,"MutagenicStrength":21,"Snecko Eye":17,"Coffee Dripper":34,"Bag of Marbles":46,"Toxic Egg 2":26,"Cracked Core":0},{"Potion Belt":27,"Ice Cream":32,"Blue Candle":7,"Mango":23,"Bag of Preparation":12,"Old Coin":5,"Mercury Hourglass":6,"CaptainsWheel":19,"Anchor":30,"Nunchaku":33,"HornCleat":15,"MutagenicStrength":12,"Snecko Eye":10,"Coffee Dripper":20,"Bag of Marbles":29,"Toxic Egg 2":14,"Cracked Core":0},{"Potion Belt":99,"Ice Cream":133,"Blue Candle":21,"Mango":82,"Bag of Preparation":38,"Old Coin":15,"Mercury Hourglass":18,"CaptainsWheel":64,"Anchor":114,"Nunchaku":138,"HornCleat":45,"MutagenicStrength":38,"Snecko Eye":33,"Coffee Dripper":70,"Bag of Marbles":109,"Toxic Egg 2":43,"Cracked Core":0}],"Mercury Hourglass":[427]},"card_choices":[{"not_picked":["Steam","Fusion"],"picked":"Ball Lightning","floor":1.0},{"not_picked":["Leap","Ball Lightning"],"picked":"Lockon","floor":2.0},{"not_picked":["Stack","Leap"],"picked":"Hologram","floor":4.0},{"not_picked":["Skim","Beam Cell"],"picked":"BootSequence","floor":5.0},{"not_picked":["Fusion","Ball Lightning"],"picked":"Go for the Eyes","floor":8.0},{"not_picked":["Lockon","Amplify"],"picked":"Ball Lightning","floor":11.0},{"not_picked":["Sweeping Beam","Streamline","Steam"],"picked":"SKIP","floor":12.0},{"not_picked":["Fusion","Sweeping Beam","Static Discharge"],"picked":"SKIP","floor":14.0},{"not_picked":["Multi-Cast","Core Surge"],"picked":"Biased Cognition","floor":16.0},{"not_picked":["Leap","Hologram","Stack"],"picked":"SKIP","floor":18.0},{"not_picked":["Go for the Eyes","Hello World","Gash"],"picked":"SKIP","floor":19.0},{"not_picked":["Redo","Gash"],"picked":"Leap+1","floor":22.0},{"not_picked":["Streamline","Sweeping Beam"],"picked":"Coolheaded","floor":24.0},{"not_picked":["BootSequence+1","FTL"],"picked":"Seek+1","floor":27.0},{"not_picked":["Barrage","Reprogram+1","Storm"],"picked":"SKIP","floor":28.0},{"not_picked":["Streamline","Gash","Chaos+1"],"picked":"SKIP","floor":29.0},{"not_picked":["Steam+1","Go for the Eyes"],"picked":"Coolheaded+1","floor":30.0},{"not_picked":["Steam Power+1","Go for the Eyes"],"picked":"Creative AI","floor":31.0},{"not_picked":["Creative AI","Thunder Strike"],"picked":"Electrodynamics","floor":33.0},{"not_picked":["Turbo+1","Rebound"],"picked":"Aggregate+1","floor":35.0},{"not_picked":["Turbo+1","FTL"],"picked":"Hologram+1","floor":36.0},{"not_picked":["Genetic Algorithm+1","Rip and Tear+1","Storm"],"picked":"SKIP","floor":38.0},{"not_picked":["Genetic Algorithm+1","Streamline"],"picked":"Rainbow+1","floor":39.0},{"not_picked":["Coolheaded+1","Sweeping Beam","Creative AI"],"picked":"SKIP","floor":42.0},{"not_picked":["Beam Cell+1","Rebound+1","Barrage"],"picked":"SKIP","floor":44.0},{"not_picked":["Hologram+1","Steam+1","Ball Lightning"],"picked":"SKIP","floor":45.0},{"not_picked":["Blizzard","Gash"],"picked":"Rainbow+1","floor":46.0},{"not_picked":["Chill+1","Stack+1","Hologram+1"],"picked":"SKIP","floor":48.0},{"not_picked":["Cold Snap+1","Sweeping Beam"],"picked":"Compile Driver","floor":55}],"player_experience":1176011,"relics_obtained":[{"floor":7.0,"key":"Old Coin"},{"floor":9.0,"key":"Mercury Hourglass"},{"floor":11.0,"key":"Blue Candle"},{"floor":26.0,"key":"Toxic Egg 2"},{"floor":27.0,"key":"HornCleat"},{"floor":31.0,"key":"CaptainsWheel"},{"floor":37.0,"key":"Mango"},{"floor":44.0,"key":"Potion Belt"},{"floor":46.0,"key":"Bag of Marbles"},{"floor":48.0,"key":"Anchor"},{"floor":55,"key":"Nunchaku"}],"event_choices":[{"damage_healed":0.0,"max_hp_gain":0.0,"max_hp_loss":0.0,"gold_gain":0.0,"event_name":"Drug Dealer","player_choice":"Inject Mutagens","floor":21.0,"gold_loss":0.0,"damage_taken":0.0,"relics_obtained":["MutagenicStrength"]},{"damage_healed":0.0,"max_hp_gain":0.0,"max_hp_loss":0.0,"gold_gain":0.0,"event_name":"MindBloom","player_choice":"Fight","floor":37.0,"gold_loss":0.0,"damage_taken":0.0}],"is_beta":false,"boss_relics":[{"not_picked":["Inserter","Busted Crown"],"picked":"Snecko Eye"},{"not_picked":["Black Star","Velvet Choker"],"picked":"Coffee Dripper"}],"items_purged_floors":[3,20,40],"is_endless":false,"potions_floor_spawned":[2,5,8,11,14,19,24,28,30,33,35,42,44,45,55],"killed_by":"The Heart","ascension_level":20}