{"gold_per_floor":[109,122,137,137,62,62,87,101,101,135,135,135,159,159],"floor_reached":14,"playtime":513,"items_purged":["Strike_B"],"score":200,"play_id":"7a5945f6-503f-4064-ac6f-04987966ef0f","local_time":"20220914235333","is_ascension_mode":true,"campfire_choices":[{"data":"Zap","floor":6,"key":"SMITH"}],"neow_cost":"NONE","seed_source_timestamp":4911199244202,"circlet_count":0,"master_deck":["AscendersBane","Strike_B","Strike_B","Defend_B","Defend_B","Defend_B","Defend_B","Zap+1","Dualcast","Lockon","Conserve Battery","Self Repair","Ball Lightning","Undo","White Noise","Hologram"],"special_seed":0,"relics":["Cracked Core","MealTicket","Turnip","Kunai","Golden Idol"],"potions_floor_usage":[7,13],"damage_taken":[{"damage":7.0,"enemies":"2 Louse","floor":1.0,"turns":3.0},{"damage":8,"enemies":"Small Slimes","floor":2,"turns":4},{"damage":0,"enemies":"Cultist","floor":3,"turns":2},{"damage":36,"enemies":"Gremlin Nob","floor":7,"turns":4},{"damage":1,"enemies":"Looter","floor":8,"turns":3},{"damage":28,"enemies":"Lagavulin","floor":10,"turns":7},{"damage":12,"enemies":"Exordium Thugs","floor":13,"turns":4},{"damage":33,"enemies":"Gremlin Nob","floor":14,"turns":3}],"seed_played":"1603066093970302099","potions_obtained":[{"floor":3,"key":"SpeedPotion"},{"floor":7,"key":"SneckoOil"},{"floor":10,"key":"Strength Potion"}],"is_trial":false,"path_per_floor":["M","M","M","?","$","R","E","M","T","E","?","?","M","E"],"character_chosen":"DEFECT","items_purchased":[],"campfire_rested":0,"item_purchase_floors":[],"current_hp_per_floor":[57,49,49,54,69,69,33,39,39,18,18,18,13,0],"gold":159,"neow_bonus":"RANDOM_COMMON_RELIC","is_prod":false,"is_daily":false,"chose_seed":false,"campfire_upgraded":1,"win_rate":0,"timestamp":1663217613,"path_taken":["M","M","M","?","$","R","E","M","T","E","?","?","M","E"],"build_version":"2022-03-07","purchased_purges":1,"victory":false,"max_hp_per_floor":[71,71,71,76,76,76,76,76,76,76,69,69,69,69],"relic_stats":{"counters":[8,30],"Golden Idol":5,"MealTicket":15,"Turnip":[0],"Kunai":[1],"obtain_stats":[{"Golden Idol":11,"MealTicket":0,"Turnip":7,"Kunai":10,"Cracked Core":0},{"Golden Idol":6,"MealTicket":0,"Turnip":4,"Kunai":6,"Cracked Core":0},{"Golden Idol":23,"MealTicket":0,"Turnip":13,"Kunai":23,"Cracked Core":0}]},"card_choices":[{"not_picked":["Hologram","Barrage"],"picked":"Lockon","floor":1.0},{"not_picked":["Scrape","Barrage"],"picked":"Conserve Battery","floor":2},{"not_picked":["Stack","Blizzard","Meteor Strike"],"picked":"SKIP","floor":3},{"not_picked":["Gash","Stack"],"picked":"Self Repair","floor":7},{"not_picked":["Redo","Compile Driver"],"picked":"Ball Lightning","floor":8},{"not_picked":["Turbo","Streamline"],"picked":"Undo","floor":10},{"not_picked":["Rebound","Chaos"],"picked":"Hologram","floor":13}],"player_experience":1194052,"relics_obtained":[{"floor":7,"key":"Turnip"},{"floor":10,"key":"Kunai"}],"event_choices":[{"damage_healed":0,"gold_gain":0,"player_choice":"Donut","damage_taken":0,"max_hp_gain":5,"max_hp_loss":0,"event_name":"Big Fish","floor":4,"gold_loss":0},{"damage_healed":0,"gold_gain":0,"player_choice":"Lose Max HP","damage_taken":0,"relics_obtained":["Golden Idol"],"max_hp_gain":0,"max_hp_loss":7,"event_name":"Golden Idol","floor":11,"gold_loss":0},{"damage_healed":0,"gold_gain":0,"cards_transformed":["Strike_B"],"player_choice":"Transformed","damage_taken":0,"max_hp_gain":0,"max_hp_loss":0,"event_name":"Transmorgrifier","floor":12,"gold_loss":0,"cards_obtained":["White Noise"]}],"is_beta":false,"boss_relics":[],"items_purged_floors":[5],"is_endless":false,"potions_floor_spawned":[3,7,10],"killed_by":"Gremlin Nob","ascension_level":20}