{"gold_per_floor":[115,115,134,149,20,20,64,64,64,105,105,121,164,88,88,182,182,207,227,245,45,65,65,65,100,151,171,205,217,255,285,297,386,398,425,1436,1462,1003,1016,1048,1048,1074,1074,1091,1120,1120,1150,1150,1150,1150,1150,1150,1150,493,524,524],"floor_reached":57,"playtime":6176,"items_purged":["Strike_B","Strike_B","Strike_B"],"score":3246,"play_id":"8fb4419c-0237-4865-90f5-de2f8c480161","local_time":"20220912203521","is_ascension_mode":true,"campfire_choices":[{"data":"Coolheaded","floor":6.0,"key":"SMITH"},{"data":"Fission","floor":11.0,"key":"SMITH"},{"data":"Defragment","floor":15.0,"key":"SMITH"},{"floor":23.0,"key":"REST"},{"data":"Creative AI","floor":32.0,"key":"SMITH"},{"floor":41.0,"key":"RECALL"},{"data":"Heatsinks","floor":49.0,"key":"SMITH"},{"data":"Hologram","floor":53.0,"key":"SMITH"}],"neow_cost":"TEN_PERCENT_HP_LOSS","seed_source_timestamp":0,"circlet_count":0,"master_deck":["AscendersBane","Defend_B","Defend_B","Defend_B","Zap","Dualcast","Coolheaded+1","Electrodynamics","Heatsinks+1","Melter","Lockon","Steam+1","Coolheaded+1","Fission+1","Defragment+1","Loop","Defragment","Creative AI+1","Conserve Battery","Steam","Ball Lightning+1","Glacier","Compile Driver","Hologram+1","Defragment","Reboot","Skim","Finesse","Recycle+1","Lockon+1","Hologram","Turbo","Fission+1","Meteor Strike","Finesse","Transmutation","Machine Learning"],"special_seed":0,"relics":["Cracked Core","Bloody Idol","Mummified Hand","Symbiotic Virus","Potion Belt","Happy Flower","Runic Pyramid","Membership Card","Omamori","MawBank","Vajra","Coffee Dripper","InkBottle","Centennial Puzzle","Sling","Gambling Chip","Juzu Bracelet","PreservedInsect","StrikeDummy","DollysMirror","Bronze Scales","Orichalcum","DataDisk"],"potions_floor_usage":[56,56],"damage_taken":[{"damage":5.0,"enemies":"Jaw Worm","floor":1.0,"turns":4.0},{"damage":4.0,"enemies":"2 Louse","floor":3.0,"turns":2.0},{"damage":5.0,"enemies":"Small Slimes","floor":4.0,"turns":2.0},{"damage":6.0,"enemies":"Gremlin Nob","floor":7.0,"turns":3.0},{"damage":0.0,"enemies":"3 Sentries","floor":10.0,"turns":2.0},{"damage":0.0,"enemies":"Blue Slaver","floor":12.0,"turns":2.0},{"damage":5.0,"enemies":"Gremlin Nob","floor":13.0,"turns":3.0},{"damage":0.0,"enemies":"Hexaghost","floor":16.0,"turns":8.0},{"damage":7.0,"enemies":"3 Byrds","floor":18.0,"turns":3.0},{"damage":16.0,"enemies":"Shell Parasite","floor":19.0,"turns":2.0},{"damage":0.0,"enemies":"3 Cultists","floor":20.0,"turns":4.0},{"damage":0.0,"enemies":"Snake Plant","floor":22.0,"turns":2.0},{"damage":4.0,"enemies":"Book of Stabbing","floor":25.0,"turns":4.0},{"damage":4.0,"enemies":"Shelled Parasite and Fungi","floor":27.0,"turns":4.0},{"damage":3.0,"enemies":"Gremlin Leader","floor":28.0,"turns":4.0},{"damage":6.0,"enemies":"Book of Stabbing","floor":30.0,"turns":5.0},{"damage":0.0,"enemies":"3 Cultists","floor":31.0,"turns":4.0},{"damage":6.0,"enemies":"Champ","floor":33.0,"turns":8.0},{"damage":0.0,"enemies":"3 Darklings","floor":35.0,"turns":4.0},{"damage":0.0,"enemies":"3 Shapes","floor":37.0,"turns":4.0},{"damage":0.0,"enemies":"Transient","floor":39.0,"turns":6.0},{"damage":0.0,"enemies":"Nemesis","floor":40.0,"turns":5.0},{"damage":0.0,"enemies":"Reptomancer","floor":42.0,"turns":4.0},{"damage":1.0,"enemies":"4 Shapes","floor":44.0,"turns":3.0},{"damage":0.0,"enemies":"Giant Head","floor":45.0,"turns":8.0},{"damage":2.0,"enemies":"Nemesis","floor":47.0,"turns":5.0},{"damage":16.0,"enemies":"Time Eater","floor":50.0,"turns":11.0},{"damage":30.0,"enemies":"Awakened One","floor":51.0,"turns":18.0},{"damage":0.0,"enemies":"Shield and Spear","floor":55.0,"turns":3.0},{"damage":43,"enemies":"The Heart","floor":56,"turns":8}],"seed_played":"7248923068888321371","potions_obtained":[{"floor":1.0,"key":"BlessingOfTheForge"},{"floor":4.0,"key":"Weak Potion"},{"floor":12.0,"key":"LiquidMemories"},{"floor":18.0,"key":"ColorlessPotion"},{"floor":20.0,"key":"Block Potion"},{"floor":27.0,"key":"Ancient Potion"},{"floor":28.0,"key":"SkillPotion"},{"floor":37.0,"key":"Dexterity Potion"},{"floor":40.0,"key":"FearPotion"},{"floor":44.0,"key":"SteroidPotion"}],"is_trial":false,"path_per_floor":["M","?","M","M","$","R","E","?","T","E","R","M","E","$","R","B",null,"M","M","M","$","M","R","?","E","T","M","E","?","E","M","R","B",null,"M","?","M","$","M","E","R","E","T","M","E","?","E","?","R","B","B",null,"R","$","E","B",null],"character_chosen":"DEFECT","items_purchased":["Steam","Defragment","Membership Card","Glacier","Skim","Finesse","InkBottle","Centennial Puzzle","Sling","Energy Potion","PotionOfCapacity","DollysMirror","Bronze Scales","Orichalcum","Meteor Strike","Finesse","Transmutation","Swift Potion","Machine Learning"],"campfire_rested":1,"item_purchase_floors":[5,14,21,21,38,38,38,38,38,38,54,54,54,54,54,54,54,54,54],"current_hp_per_floor":[59,58,54,49,49,49,43,26,26,26,26,26,21,21,21,21,49,42,26,26,26,26,43,43,39,39,35,32,32,36,46,51,55,58,58,58,58,58,58,58,58,58,58,58,58,55,55,55,55,39,9,44,44,44,49,6],"gold":524,"neow_bonus":"TRANSFORM_TWO_CARDS","is_prod":false,"is_daily":false,"chose_seed":false,"campfire_upgraded":6,"win_rate":0,"timestamp":1663040121,"path_taken":["M","?","M","M","$","R","E","?","T","E","R","M","E","?","R","BOSS","M","M","M","$","M","R","?","E","T","M","E","?","E","M","R","BOSS","M","?","M","$","M","E","R","E","T","M","E","?","E","?","R","BOSS","BOSS","R","$","E","BOSS"],"build_version":"2022-03-07","purchased_purges":3,"victory":true,"max_hp_per_floor":[64,58,58,58,58,58,58,58,58,58,58,58,58,58,58,58,58,58,58,58,58,58,58,58,58,58,58,58,58,58,58,58,58,58,58,58,58,58,58,58,58,58,58,58,58,55,55,55,55,55,55,55,55,55,55,55],"relic_stats":{"Happy Flower":[42],"counters":[30,144],"PreservedInsect":127,"Omamori":2,"Juzu Bracelet":0,"Orichalcum":[6],"MawBank":120,"Centennial Puzzle":[15],"Mummified Hand":[195],"Bloody Idol":46,"Gambling Chip":[13],"Bronze Scales":[105],"Membership Card":1156,"obtain_stats":[{"Potion Belt":10,"Happy Flower":13,"Golden Idol":2,"Vajra":30,"PreservedInsect":45,"Omamori":26,"Juzu Bracelet":42,"Orichalcum":54,"MawBank":28,"Sling":38,"Centennial Puzzle":38,"DataDisk":55,"Mummified Hand":7,"DollysMirror":54,"Bloody Idol":29,"Gambling Chip":40,"Bronze Scales":54,"Coffee Dripper":34,"Membership Card":21,"Cracked Core":0,"Symbiotic Virus":9,"StrikeDummy":47,"InkBottle":38,"Runic Pyramid":17},{"Potion Belt":5,"Happy Flower":7,"Golden Idol":1,"Vajra":16,"PreservedInsect":25,"Omamori":13,"Juzu Bracelet":23,"Orichalcum":28,"MawBank":15,"Sling":20,"Centennial Puzzle":20,"DataDisk":29,"Mummified Hand":4,"DollysMirror":28,"Bloody Idol":15,"Gambling Chip":22,"Bronze Scales":28,"Coffee Dripper":18,"Membership Card":11,"Cracked Core":0,"Symbiotic Virus":4,"StrikeDummy":26,"InkBottle":20,"Runic Pyramid":8},{"Potion Belt":13,"Happy Flower":18,"Golden Idol":4,"Vajra":53,"PreservedInsect":99,"Omamori":41,"Juzu Bracelet":88,"Orichalcum":133,"MawBank":49,"Sling":73,"Centennial Puzzle":73,"DataDisk":136,"Mummified Hand":11,"DollysMirror":133,"Bloody Idol":49,"Gambling Chip":84,"Bronze Scales":133,"Coffee Dripper":65,"Membership Card":35,"Cracked Core":0,"Symbiotic Virus":11,"StrikeDummy":104,"InkBottle":73,"Runic Pyramid":26}],"InkBottle":[53]},"card_choices":[{"not_picked":["Streamline","Steam"],"picked":"Heatsinks","floor":1.0},{"not_picked":["Sweeping Beam","Barrage"],"picked":"Melter","floor":3.0},{"not_picked":["Redo","Turbo"],"picked":"Lockon","floor":4.0},{"not_picked":["Streamline","Steam Power"],"picked":"Coolheaded","floor":7.0},{"not_picked":["Turbo","Capacitor"],"picked":"Fission","floor":10.0},{"not_picked":["Ball Lightning","Force Field"],"picked":"Defragment","floor":12.0},{"not_picked":["Ball Lightning","Multi-Cast"],"picked":"Loop","floor":13.0},{"not_picked":["Biased Cognition","Multi-Cast"],"picked":"Creative AI","floor":16.0},{"not_picked":["Coolheaded","Streamline"],"picked":"Conserve Battery","floor":18.0},{"not_picked":["Reprogram","Melter"],"picked":"Steam","floor":19.0},{"not_picked":["Conserve Battery","Stack"],"picked":"Ball Lightning+1","floor":20.0},{"not_picked":["Conserve Battery","Steam+1"],"picked":"Compile Driver","floor":22.0},{"not_picked":["Rainbow","Steam"],"picked":"Hologram","floor":25.0},{"not_picked":["Sweeping Beam","FTL","Redo"],"picked":"SKIP","floor":27.0},{"not_picked":["Stack","Go for the Eyes","Auto Shields"],"picked":"SKIP","floor":28.0},{"not_picked":["Blizzard","Sweeping Beam"],"picked":"Defragment","floor":30.0},{"not_picked":["Compile Driver","Beam Cell","Sweeping Beam"],"picked":"SKIP","floor":31.0},{"not_picked":["Amplify","Biased Cognition"],"picked":"Reboot","floor":33.0},{"not_picked":["Conserve Battery+1","Sweeping Beam","Leap"],"picked":"SKIP","floor":35.0},{"not_picked":["Ball Lightning","Cold Snap","Consume"],"picked":"SKIP","floor":37.0},{"not_picked":["Cold Snap","FTL","Reprogram"],"picked":"SKIP","floor":39.0},{"not_picked":["Sunder","Multi-Cast"],"picked":"Recycle+1","floor":40.0},{"not_picked":["Ball Lightning","Lockon","Gash"],"picked":"SKIP","floor":42.0},{"not_picked":["Streamline","FTL"],"picked":"Lockon+1","floor":44.0},{"not_picked":["Rip and Tear","Conserve Battery"],"picked":"Hologram","floor":45.0},{"not_picked":["Barrage","Glacier"],"picked":"Turbo","floor":47.0},{"not_picked":["Coolheaded","FTL","Gash"],"picked":"SKIP","floor":55.0}],"player_experience":1182608,"relics_obtained":[{"floor":7.0,"key":"Mummified Hand"},{"floor":9.0,"key":"Symbiotic Virus"},{"floor":10.0,"key":"Potion Belt"},{"floor":13.0,"key":"Happy Flower"},{"floor":26.0,"key":"Omamori"},{"floor":28.0,"key":"MawBank"},{"floor":30.0,"key":"Vajra"},{"floor":40.0,"key":"Gambling Chip"},{"floor":42.0,"key":"Juzu Bracelet"},{"floor":45.0,"key":"PreservedInsect"},{"floor":47.0,"key":"StrikeDummy"},{"floor":55.0,"key":"DataDisk"}],"event_choices":[{"damage_healed":0.0,"max_hp_gain":0.0,"max_hp_loss":6.0,"gold_gain":0.0,"event_name":"Golden Idol","player_choice":"Lose Max HP","floor":2.0,"gold_loss":0.0,"damage_taken":0.0,"relics_obtained":["Golden Idol"]},{"damage_healed":0.0,"max_hp_gain":0.0,"max_hp_loss":0.0,"gold_gain":0.0,"event_name":"Shining Light","player_choice":"Entered Light","floor":8.0,"gold_loss":0.0,"damage_taken":17.0,"cards_upgraded":["Steam","Coolheaded"]},{"damage_healed":0.0,"max_hp_gain":0.0,"max_hp_loss":0.0,"gold_gain":0.0,"event_name":"The Mausoleum","player_choice":"Ignored","floor":24.0,"gold_loss":0.0,"damage_taken":0.0},{"damage_healed":0.0,"max_hp_gain":0.0,"max_hp_loss":0.0,"gold_gain":0.0,"event_name":"Forgotten Altar","player_choice":"Gave Idol","floor":29.0,"relics_lost":["Golden Idol"],"gold_loss":0.0,"damage_taken":0.0,"relics_obtained":["Bloody Idol"]},{"damage_healed":0.0,"max_hp_gain":0.0,"max_hp_loss":0.0,"gold_gain":999.0,"event_name":"MindBloom","player_choice":"Gold","floor":36.0,"gold_loss":0.0,"damage_taken":0.0,"cards_obtained":["Normality","Normality"]},{"damage_healed":0.0,"max_hp_gain":0.0,"max_hp_loss":3.0,"gold_gain":0.0,"event_name":"Winding Halls","player_choice":"Max HP","floor":46.0,"gold_loss":0.0,"damage_taken":0.0},{"damage_healed":0.0,"max_hp_gain":0.0,"max_hp_loss":0.0,"gold_gain":0.0,"event_name":"Tomb of Lord Red Mask","player_choice":"Ignored","floor":48.0,"gold_loss":0.0,"damage_taken":0.0}],"is_beta":false,"boss_relics":[{"not_picked":["Fusion Hammer","Runic Dome"],"picked":"Runic Pyramid"},{"not_picked":["Sozu","Empty Cage"],"picked":"Coffee Dripper"}],"items_purged_floors":[5,38,54],"is_endless":false,"potions_floor_spawned":[1,4,12,18,20,27,28,37,40,44],"ascension_level":20}