{"gold_per_floor":[118,138,148,11,28,28,56,56,56,67,94,94,43,75,75,75],"floor_reached":16,"playtime":1077,"items_purged":[],"score":240,"play_id":"54c104a5-f591-4741-a644-f6537a290dc4","local_time":"20220927154620","is_ascension_mode":true,"campfire_choices":[{"data":"Buffer","floor":6,"key":"SMITH"},{"data":"Melter","floor":8,"key":"SMITH"},{"data":"Amplify","floor":12,"key":"SMITH"},{"data":"Coolheaded","floor":15,"key":"SMITH"}],"neow_cost":"TEN_PERCENT_HP_LOSS","seed_source_timestamp":307790454983966,"circlet_count":0,"master_deck":["AscendersBane","Strike_B","Strike_B","Strike_B","Strike_B","Defend_B","Defend_B","Defend_B","Defend_B","Zap","Dualcast","Master of Strategy","BootSequence","Melter+1","Self Repair","Buffer+1","Conserve Battery","Ball Lightning","Heatsinks","Compile Driver","Amplify+1","Coolheaded+1"],"special_seed":0,"relics":["Cracked Core","MealTicket","InkBottle","Shuriken","Girya"],"potions_floor_usage":[16],"damage_taken":[{"damage":4.0,"enemies":"Small Slimes","floor":1.0,"turns":3.0},{"damage":0,"enemies":"Cultist","floor":2,"turns":3},{"damage":0,"enemies":"Jaw Worm","floor":3,"turns":3},{"damage":10,"enemies":"Large Slime","floor":5,"turns":8},{"damage":18,"enemies":"3 Sentries","floor":7,"turns":7},{"damage":0,"enemies":"Looter","floor":10,"turns":3},{"damage":8,"enemies":"Gremlin Nob","floor":11,"turns":5},{"damage":8,"enemies":"3 Sentries","floor":14,"turns":7},{"damage":66,"enemies":"Hexaghost","floor":16,"turns":11}],"seed_played":"-1990109416194440263","potions_obtained":[{"floor":1.0,"key":"BlessingOfTheForge"},{"floor":7,"key":"Energy Potion"}],"is_trial":false,"path_per_floor":["M","M","M","$","M","R","E","R","T","M","E","R","$","E","R","B"],"character_chosen":"DEFECT","items_purchased":["Buffer","Conserve Battery","Coolheaded"],"campfire_rested":0,"item_purchase_floors":[4,4,13],"current_hp_per_floor":[60,60,60,60,57,57,46,46,46,53,52,52,64,63,63,0],"gold":75,"neow_bonus":"RANDOM_COLORLESS_2","is_prod":false,"is_daily":false,"chose_seed":false,"campfire_upgraded":4,"win_rate":0,"timestamp":1664318780,"path_taken":["M","M","M","$","M","R","E","R","T","M","E","R","$","E","R","BOSS"],"build_version":"2022-03-07","purchased_purges":0,"victory":false,"max_hp_per_floor":[64,64,64,64,64,64,64,64,64,64,64,64,64,64,64,64],"relic_stats":{"Girya":0,"counters":[9,50],"Shuriken":[3],"MealTicket":12,"obtain_stats":[{"Girya":14,"Shuriken":11,"MealTicket":7,"Cracked Core":0,"InkBottle":9},{"Girya":8,"Shuriken":7,"MealTicket":5,"Cracked Core":0,"InkBottle":5},{"Girya":39,"Shuriken":32,"MealTicket":24,"Cracked Core":0,"InkBottle":24}],"InkBottle":[7]},"card_choices":[{"not_picked":["Transmutation","Secret Weapon"],"picked":"Master of Strategy","floor":0.0},{"not_picked":["Streamline","Gash"],"picked":"BootSequence","floor":1.0},{"not_picked":["Steam","Coolheaded"],"picked":"Melter","floor":2},{"not_picked":["Heatsinks","Conserve Battery"],"picked":"Self Repair","floor":3},{"not_picked":["Conserve Battery","Static Discharge"],"picked":"Ball Lightning","floor":5},{"not_picked":["Gash","BootSequence"],"picked":"Heatsinks","floor":7},{"not_picked":["Stack","Chill"],"picked":"Compile Driver","floor":10},{"not_picked":["Turbo","Compile Driver"],"picked":"Amplify","floor":11},{"not_picked":["Steam Power","Gash","Tempest"],"picked":"SKIP","floor":14}],"player_experience":1230480,"relics_obtained":[{"floor":7,"key":"MealTicket"},{"floor":9,"key":"InkBottle"},{"floor":11,"key":"Shuriken"},{"floor":14,"key":"Girya"}],"event_choices":[],"is_beta":false,"boss_relics":[],"items_purged_floors":[],"is_endless":false,"potions_floor_spawned":[1,7,10,11],"killed_by":"Hexaghost","ascension_level":20}