{"gold_per_floor":[117,131,144,155,170,197,197,197,197,197,241,260,285,319,319,450,450,463,483,251,270,286,327,339,351,386,434,243,243,243,262,262,381,381,399,182,201,219,234,234,248,248,301,301,8,8,8,8,8,8,8,8,8,46,46],"floor_reached":56,"playtime":10255,"items_purged":["Strike_P","Strike_P","Strike_P","Strike_P"],"score":1184,"play_id":"7a331199-daf4-45d4-829e-74e7fc0f55e1","local_time":"20200822005203","is_ascension_mode":false,"campfire_choices":[{"data":"CutThroughFate","floor":7.0,"key":"SMITH"},{"data":"Wallop","floor":15.0,"key":"SMITH"},{"data":"Devotion","floor":25.0,"key":"SMITH"},{"data":"CutThroughFate","floor":30.0,"key":"SMITH"},{"data":"Eruption","floor":32.0,"key":"SMITH"},{"data":"Wallop","floor":40.0,"key":"SMITH"},{"data":"Vault","floor":44.0,"key":"SMITH"},{"data":"LikeWater","floor":46.0,"key":"SMITH"},{"data":"LikeWater","floor":47.0,"key":"SMITH"},{"floor":49,"key":"RECALL"},{"data":"Brilliance","floor":52,"key":"SMITH"}],"neow_cost":"NONE","seed_source_timestamp":461450513147490,"circlet_count":0,"master_deck":["Defend_P","Defend_P","Defend_P","Defend_P","Eruption+1","Vigilance","Finesse","BowlingBash","InnerPeace","CutThroughFate+1","BowlingBash","SandsOfTime","CutThroughFate+1","Wallop+1","LikeWater+1","Sanctity","Devotion+1","Sanctity","BowlingBash+1","ReachHeaven","LikeWater+1","Worship+1","Vault+1","EmptyFist+1","Dramatic Entrance","Wallop+1","Brilliance+1","SandsOfTime+1"],"special_seed":0,"relics":["PureWater","InkBottle","Golden Idol","Art of War","Pocketwatch","Velvet Choker","Damaru","MawBank","MutagenicStrength","Regal Pillow","WingedGreaves","VioletLotus","Orichalcum","ClockworkSouvenir","Centennial Puzzle"],"potions_floor_usage":[50,54,55,55,55],"damage_taken":[{"damage":0.0,"enemies":"Small Slimes","floor":1.0,"turns":2.0},{"damage":1.0,"enemies":"2 Louse","floor":2.0,"turns":3.0},{"damage":3.0,"enemies":"Jaw Worm","floor":3.0,"turns":4.0},{"damage":1.0,"enemies":"Large Slime","floor":4.0,"turns":4.0},{"damage":12.0,"enemies":"Blue Slaver","floor":5.0,"turns":9.0},{"damage":2.0,"enemies":"3 Sentries","floor":6.0,"turns":6.0},{"damage":14.0,"enemies":"Lagavulin","floor":11.0,"turns":7.0},{"damage":1.0,"enemies":"2 Fungi Beasts","floor":12.0,"turns":3.0},{"damage":8.0,"enemies":"Gremlin Gang","floor":13.0,"turns":5.0},{"damage":1.0,"enemies":"3 Sentries","floor":14.0,"turns":5.0},{"damage":2.0,"enemies":"The Guardian","floor":16.0,"turns":15.0},{"damage":0.0,"enemies":"Chosen","floor":18.0,"turns":3.0},{"damage":0.0,"enemies":"3 Byrds","floor":19.0,"turns":5.0},{"damage":2.0,"enemies":"Centurion and Healer","floor":21.0,"turns":5.0},{"damage":0.0,"enemies":"Cultist and Chosen","floor":22.0,"turns":4.0},{"damage":12.0,"enemies":"Book of Stabbing","floor":23.0,"turns":6.0},{"damage":0.0,"enemies":"Gremlin Leader","floor":27.0,"turns":4.0},{"damage":0.0,"enemies":"Chosen and Byrds","floor":31.0,"turns":3.0},{"damage":24.0,"enemies":"Collector","floor":33.0,"turns":7.0},{"damage":0.0,"enemies":"3 Shapes","floor":35.0,"turns":5.0},{"damage":13.0,"enemies":"3 Darklings","floor":37.0,"turns":3.0},{"damage":6.0,"enemies":"Transient","floor":38.0,"turns":6.0},{"damage":0.0,"enemies":"Maw","floor":39.0,"turns":4.0},{"damage":6.0,"enemies":"Writhing Mass","floor":41.0,"turns":5.0},{"damage":15,"enemies":"Time Eater","floor":50,"turns":6},{"damage":10,"enemies":"Shield and Spear","floor":54,"turns":5},{"damage":59,"enemies":"The Heart","floor":55,"turns":8}],"seed_played":"-452285063480898709","potions_obtained":[{"floor":3.0,"key":"SteroidPotion"},{"floor":5.0,"key":"EntropicBrew"},{"floor":11.0,"key":"Energy Potion"},{"floor":12.0,"key":"Strength Potion"},{"floor":27.0,"key":"SneckoOil"},{"floor":31.0,"key":"SmokeBomb"},{"floor":39.0,"key":"LiquidMemories"},{"floor":41.0,"key":"Ancient Potion"}],"is_trial":false,"path_per_floor":["M","M","M","M","M","E","R","?","T","?","E","M","M","E","R","B",null,"M","M","$","M","M","E","?","R","T","E","$","?","R","M","R","B",null,"M","$","M","M","M","R","M","?","T","R","$","R","R","?","R","B",null,"R","$","E","B",null],"character_chosen":"WATCHER","items_purchased":["Damaru","Fruit Juice","Dramatic Entrance","ClockworkSouvenir"],"campfire_rested":0,"item_purchase_floors":[20,28,36,45],"current_hp_per_floor":[72,71,68,67,55,53,53,53,53,58,44,43,35,34,34,32,72,72,72,72,70,70,58,58,58,58,58,63,63,63,63,63,39,77,77,77,64,58,58,58,52,52,52,52,52,52,52,52,52,37,73,73,73,63,4],"gold":46,"neow_bonus":"RANDOM_COLORLESS","is_prod":false,"is_daily":false,"chose_seed":false,"campfire_upgraded":10,"win_rate":0.0,"timestamp":1598075523,"path_taken":["M","M","M","M","M","E","R","?","T","?","E","M","M","E","R","BOSS","M","M","$","M","M","E","?","R","T","E","$","?","R","M","R","BOSS","M","$","M","M","M","R","M","?","T","R","$","R","R","?","R","BOSS","R","$","E","BOSS"],"build_version":"2020-07-30","purchased_purges":4,"victory":true,"max_hp_per_floor":[72,72,72,72,72,72,72,67,67,72,72,72,72,72,72,72,72,72,72,72,72,72,72,72,72,72,72,77,77,77,77,77,77,77,77,77,77,77,77,77,77,73,73,73,73,73,73,73,73,73,73,73,73,73,73],"card_choices":[{"not_picked":["Madness","Enlightenment"],"picked":"Finesse","floor":0.0},{"not_picked":["ClearTheMind","FlurryOfBlows"],"picked":"BowlingBash","floor":1.0},{"not_picked":["WreathOfFlame","Vengeance"],"picked":"InnerPeace","floor":2.0},{"not_picked":["BowlingBash","Adaptation"],"picked":"CutThroughFate","floor":3.0},{"not_picked":["Crescendo","FlyingSleeves"],"picked":"BowlingBash","floor":4.0},{"not_picked":["JustLucky","Consecrate"],"picked":"SandsOfTime","floor":5.0},{"not_picked":["Brilliance","JustLucky"],"picked":"CutThroughFate","floor":6.0},{"not_picked":["TalkToTheHand","FollowUp"],"picked":"Wallop","floor":11.0},{"not_picked":["BowlingBash","WreathOfFlame"],"picked":"LikeWater","floor":12.0},{"not_picked":["FlurryOfBlows","Prostrate"],"picked":"Sanctity","floor":13.0},{"not_picked":["FollowUp","ConjureBlade","EmptyBody"],"picked":"SKIP","floor":14.0},{"not_picked":["Omniscience","DeusExMachina"],"picked":"Devotion","floor":16.0},{"not_picked":["FlurryOfBlows","Prostrate"],"picked":"Sanctity","floor":18.0},{"not_picked":["CrushJoints","Swivel"],"picked":"BowlingBash+1","floor":19.0},{"not_picked":["LikeWater","FollowUp"],"picked":"ReachHeaven","floor":21.0},{"not_picked":["ClearTheMind","EmptyFist","Consecrate+1"],"picked":"SKIP","floor":22.0},{"not_picked":["Fasting2","Pray","Vengeance"],"picked":"SKIP","floor":23.0},{"not_picked":["ClearTheMind","Protect"],"picked":"LikeWater","floor":27.0},{"not_picked":["MasterReality","Evaluate"],"picked":"Worship+1","floor":31.0},{"not_picked":["DevaForm","Brilliance"],"picked":"Vault","floor":33.0},{"not_picked":["ClearTheMind","Swivel+1"],"picked":"EmptyFist+1","floor":35.0},{"not_picked":["BowlingBash","Halt+1"],"picked":"Wallop","floor":37.0},{"not_picked":["ReachHeaven+1","Halt"],"picked":"Brilliance","floor":38.0},{"not_picked":["Protect","Evaluate+1","FlyingSleeves"],"picked":"SKIP","floor":39.0},{"not_picked":["CarveReality+1","JustLucky+1"],"picked":"SandsOfTime+1","floor":41.0},{"not_picked":["Nirvana+1","Perseverance","Wallop+1"],"picked":"SKIP","floor":54}],"player_experience":117469,"relics_obtained":[{"floor":6.0,"key":"InkBottle"},{"floor":11.0,"key":"Art of War"},{"floor":14.0,"key":"Pocketwatch"},{"floor":23.0,"key":"MawBank"},{"floor":26.0,"key":"Regal Pillow"},{"floor":27.0,"key":"WingedGreaves"},{"floor":43.0,"key":"Orichalcum"},{"floor":54,"key":"Centennial Puzzle"}],"event_choices":[{"damage_healed":0.0,"max_hp_gain":0.0,"max_hp_loss":5.0,"gold_gain":0.0,"event_name":"Golden Idol","player_choice":"Lose Max HP","floor":8.0,"gold_loss":0.0,"damage_taken":0.0,"relics_obtained":["Golden Idol"]},{"damage_healed":0.0,"max_hp_gain":5.0,"max_hp_loss":0.0,"gold_gain":0.0,"event_name":"Big Fish","player_choice":"Donut","floor":10.0,"gold_loss":0.0,"damage_taken":0.0},{"damage_healed":0.0,"max_hp_gain":0.0,"max_hp_loss":0.0,"gold_gain":0.0,"event_name":"Drug Dealer","player_choice":"Inject Mutagens","floor":24.0,"gold_loss":0.0,"damage_taken":0.0,"relics_obtained":["MutagenicStrength"]},{"damage_healed":0.0,"max_hp_gain":0.0,"max_hp_loss":0.0,"gold_gain":0.0,"event_name":"The Mausoleum","player_choice":"Ignored","floor":29.0,"gold_loss":0.0,"damage_taken":0.0},{"damage_healed":0.0,"max_hp_gain":0.0,"max_hp_loss":4.0,"gold_gain":0.0,"event_name":"Winding Halls","player_choice":"Max HP","floor":42.0,"gold_loss":0.0,"damage_taken":0.0},{"damage_healed":0,"gold_gain":0,"player_choice":"Ignored","damage_taken":0,"max_hp_gain":0,"max_hp_loss":0,"event_name":"Mysterious Sphere","floor":48,"gold_loss":0}],"is_beta":false,"boss_relics":[{"not_picked":["Fusion Hammer","SacredBark"],"picked":"Velvet Choker"},{"not_picked":["HolyWater","Black Star"],"picked":"VioletLotus"}],"items_purged_floors":[20,28,36,45],"is_endless":false,"potions_floor_spawned":[3,5,11,12,19,27,31,39,41],"ascension_level":0}