{"gold_per_floor":[113,288,288,288,298,298,329,339,339,357,373,217,231,243,243,347,347,302,302,302,302,302,302,302,302,302,302,302,302,302,302,302,302,302,302,153,153,153,8,8,8,8,8,8,8,8,8,8,8,8],"floor_reached":51,"playtime":3591,"items_purged":["Strike_P"],"score":973,"play_id":"79f61ebf-403d-4783-bec1-6217dcfcaa84","local_time":"20200903040107","is_ascension_mode":true,"campfire_choices":[{"data":"Blasphemy","floor":15.0,"key":"SMITH"},{"floor":24.0,"key":"REST"},{"data":"Eruption","floor":27.0,"key":"SMITH"},{"floor":32.0,"key":"REST"},{"data":"CutThroughFate","floor":40.0,"key":"SMITH"},{"floor":42.0,"key":"REST"},{"data":"Wallop","floor":44.0,"key":"SMITH"},{"floor":49.0,"key":"REST"}],"neow_cost":"NONE","seed_source_timestamp":0,"circlet_count":0,"master_deck":["Strike_P+1","Strike_P","Strike_P","Defend_P+1","Defend_P","Defend_P","Eruption+1","Vigilance","BowlingBash","EmptyFist","ClearTheMind","Tantrum","Wireheading","Wallop+1","Blasphemy+1","Adaptation+1","MentalFortress","CutThroughFate+1","Pray+1","DevaForm","MentalFortress+1","EmptyBody+1","Weave","FearNoEvil","SashWhip+1"],"special_seed":0,"relics":["PureWater","NeowsBlessing","Art of War","Ice Cream","Sundial","Ectoplasm","Potion Belt","Bird Faced Urn","Mango","Dream Catcher","TungstenRod","VioletLotus","PreservedInsect","Bag of Preparation","Incense Burner","Nunchaku","The Courier"],"potions_floor_usage":[50],"damage_taken":[{"damage":0.0,"enemies":"Jaw Worm","floor":1.0,"turns":1.0},{"damage":0.0,"enemies":"2 Louse","floor":5.0,"turns":1.0},{"damage":0.0,"enemies":"Gremlin Nob","floor":7.0,"turns":1.0},{"damage":1.0,"enemies":"Small Slimes","floor":8.0,"turns":4.0},{"damage":0.0,"enemies":"2 Fungi Beasts","floor":10.0,"turns":3.0},{"damage":0.0,"enemies":"Blue Slaver","floor":11.0,"turns":2.0},{"damage":11.0,"enemies":"Lots of Slimes","floor":13.0,"turns":3.0},{"damage":0.0,"enemies":"Exordium Thugs","floor":14.0,"turns":3.0},{"damage":13.0,"enemies":"The Guardian","floor":16.0,"turns":12.0},{"damage":17.0,"enemies":"2 Thieves","floor":18.0,"turns":3.0},{"damage":11.0,"enemies":"Shell Parasite","floor":20.0,"turns":3.0},{"damage":20.0,"enemies":"Snake Plant","floor":22.0,"turns":4.0},{"damage":36.0,"enemies":"Slavers","floor":23.0,"turns":3.0},{"damage":8.0,"enemies":"Book of Stabbing","floor":25.0,"turns":4.0},{"damage":38.0,"enemies":"Slavers","floor":28.0,"turns":3.0},{"damage":0.0,"enemies":"Snecko","floor":29.0,"turns":2.0},{"damage":12.0,"enemies":"Centurion and Healer","floor":30.0,"turns":4.0},{"damage":0.0,"enemies":"3 Cultists","floor":31.0,"turns":4.0},{"damage":0.0,"enemies":"Automaton","floor":33.0,"turns":8.0},{"damage":9.0,"enemies":"Orb Walker","floor":35.0,"turns":4.0},{"damage":16.0,"enemies":"3 Shapes","floor":37.0,"turns":6.0},{"damage":44.0,"enemies":"Giant Head","floor":41.0,"turns":7.0},{"damage":19.0,"enemies":"Reptomancer","floor":46.0,"turns":6.0},{"damage":72,"enemies":"Awakened One","floor":50,"turns":16}],"seed_played":"-2540200321892087244","potions_obtained":[{"floor":7.0,"key":"Strength Potion"},{"floor":8.0,"key":"FairyPotion"},{"floor":18.0,"key":"EssenceOfSteel"},{"floor":28.0,"key":"FearPotion"},{"floor":29.0,"key":"Weak Potion"},{"floor":30.0,"key":"GamblersBrew"},{"floor":33.0,"key":"PowerPotion"},{"floor":35.0,"key":"ColorlessPotion"},{"floor":41.0,"key":"DuplicationPotion"}],"is_trial":false,"path_per_floor":["M","?","?","?","M","?","E","M","T","M","M","$","M","M","R","B",null,"M","?","M","T","M","E","R","E","T","R","E","M","M","M","R","B",null,"M","$","M","?","$","R","E","R","T","R","?","E","?","$","R","B",null],"character_chosen":"WATCHER","items_purchased":["Blasphemy","PreservedInsect","Bag of Preparation"],"campfire_rested":4,"item_purchase_floors":[12,36,39],"current_hp_per_floor":[72,72,58,51,51,51,51,50,50,50,50,50,39,39,39,26,72,55,55,44,44,24,14,35,47,47,47,15,17,11,17,42,48,86,79,79,69,69,69,69,35,60,60,60,60,55,55,55,79,18],"gold":8,"neow_bonus":"THREE_ENEMY_KILL","is_prod":false,"is_daily":false,"chose_seed":false,"campfire_upgraded":4,"win_rate":0,"timestamp":1599123667,"path_taken":["M","?","?","?","M","?","E","M","T","M","M","$","M","M","R","BOSS","M","?","?","?","M","E","R","E","T","R","E","?","?","M","R","BOSS","M","$","M","?","$","R","E","R","T","R","?","E","?","?","R","BOSS"],"build_version":"2020-07-30","purchased_purges":1,"victory":true,"max_hp_per_floor":[72,72,72,72,72,72,72,72,72,72,72,72,72,72,72,72,72,72,72,72,72,72,72,72,86,86,86,86,86,86,86,86,86,86,86,86,86,86,86,86,86,86,86,86,82,82,82,82,82,82],"card_choices":[{"not_picked":["WreathOfFlame","FollowUp"],"picked":"BowlingBash","floor":1.0},{"not_picked":["BowlingBash","PathToVictory"],"picked":"EmptyFist","floor":5.0},{"not_picked":["Perseverance","CrushJoints"],"picked":"ClearTheMind","floor":7.0},{"not_picked":["Consecrate","FlurryOfBlows"],"picked":"Tantrum","floor":8.0},{"not_picked":["ThirdEye","Evaluate"],"picked":"Wireheading","floor":10.0},{"not_picked":["Weave","Prostrate"],"picked":"Wallop","floor":11.0},{"not_picked":["EmptyBody","CrushJoints","BowlingBash"],"picked":"SKIP","floor":13.0},{"not_picked":["WreathOfFlame","Ragnarok","EmptyFist"],"picked":"SKIP","floor":14.0},{"not_picked":["EmptyBody","FlyingSleeves","BowlingBash"],"picked":"SKIP","floor":18.0},{"not_picked":["EmptyBody","FlyingSleeves","BowlingBash"],"picked":"SKIP","floor":18.0},{"not_picked":["FlurryOfBlows","CrushJoints"],"picked":"Adaptation+1","floor":20.0},{"not_picked":["Protect","Consecrate+1","PathToVictory+1"],"picked":"SKIP","floor":22.0},{"not_picked":["Ragnarok","CrushJoints"],"picked":"MentalFortress","floor":23.0},{"not_picked":["FollowUp","CarveReality+1","ClearTheMind"],"picked":"SKIP","floor":25.0},{"not_picked":["Crescendo","Swivel","LikeWater"],"picked":"SKIP","floor":28.0},{"not_picked":["SashWhip","PathToVictory"],"picked":"CutThroughFate","floor":29.0},{"not_picked":["Consecrate","FollowUp+1","SignatureMove+1"],"picked":"SKIP","floor":30.0},{"not_picked":["EmptyBody","ThirdEye"],"picked":"Pray+1","floor":31.0},{"not_picked":["DeusExMachina","Establishment"],"picked":"DevaForm","floor":33.0},{"not_picked":["CarveReality+1","Indignation","LikeWater"],"picked":"SKIP","floor":35.0},{"not_picked":["FollowUp","BattleHymn"],"picked":"MentalFortress+1","floor":37.0},{"not_picked":["Indignation","Tantrum"],"picked":"EmptyBody+1","floor":41.0},{"not_picked":["Perseverance","SashWhip"],"picked":"Weave","floor":42.0},{"not_picked":["Consecrate+1","SashWhip"],"picked":"FearNoEvil","floor":46.0},{"not_picked":["FlyingSleeves","CarveReality"],"picked":"SashWhip+1","floor":49.0}],"player_experience":208772,"relics_obtained":[{"floor":7.0,"key":"Ice Cream"},{"floor":9.0,"key":"Sundial"},{"floor":23.0,"key":"Bird Faced Urn"},{"floor":25.0,"key":"Mango"},{"floor":26.0,"key":"Dream Catcher"},{"floor":28.0,"key":"TungstenRod"},{"floor":41.0,"key":"Incense Burner"},{"floor":43.0,"key":"Nunchaku"},{"floor":46.0,"key":"The Courier"}],"event_choices":[{"damage_healed":0.0,"max_hp_gain":0.0,"max_hp_loss":0.0,"gold_gain":175.0,"event_name":"Liars Game","player_choice":"AGREE","floor":2.0,"gold_loss":0.0,"damage_taken":0.0,"cards_obtained":["Doubt"]},{"damage_healed":0.0,"max_hp_gain":0.0,"max_hp_loss":0.0,"gold_gain":0.0,"event_name":"Shining Light","player_choice":"Entered Light","floor":3.0,"gold_loss":0.0,"damage_taken":14.0,"cards_upgraded":["Defend_P","Strike_P"]},{"damage_healed":0.0,"max_hp_gain":0.0,"max_hp_loss":0.0,"gold_gain":0.0,"event_name":"Scrap Ooze","player_choice":"Success","floor":4.0,"gold_loss":0.0,"damage_taken":7.0,"relics_obtained":["Art of War"]},{"cards_removed":["Doubt"],"damage_healed":0.0,"max_hp_gain":0.0,"max_hp_loss":0.0,"gold_gain":0.0,"event_name":"Living Wall","player_choice":"Forget","floor":6.0,"gold_loss":0.0,"damage_taken":0.0},{"damage_healed":0.0,"max_hp_gain":0.0,"max_hp_loss":0.0,"gold_gain":0.0,"event_name":"WeMeetAgain","player_choice":"Gave Potion","floor":19.0,"gold_loss":0.0,"damage_taken":0.0,"relics_obtained":["Potion Belt"]},{"cards_removed":["Defend_P"],"damage_healed":0.0,"max_hp_gain":0.0,"max_hp_loss":0.0,"gold_gain":0.0,"event_name":"Falling","player_choice":"Removed Skill","floor":38.0,"gold_loss":0.0,"damage_taken":0.0},{"damage_healed":0.0,"max_hp_gain":0.0,"max_hp_loss":4.0,"gold_gain":0.0,"event_name":"Winding Halls","player_choice":"Max HP","floor":45.0,"gold_loss":0.0,"damage_taken":0.0},{"damage_healed":0.0,"max_hp_gain":0.0,"max_hp_loss":0.0,"gold_gain":0.0,"event_name":"Mysterious Sphere","player_choice":"Ignored","floor":47.0,"gold_loss":0.0,"damage_taken":0.0}],"is_beta":false,"boss_relics":[{"not_picked":["Coffee Dripper","HolyWater"],"picked":"Ectoplasm"},{"not_picked":["Empty Cage","Tiny House"],"picked":"VioletLotus"}],"items_purged_floors":[12],"is_endless":false,"potions_floor_spawned":[7,8,18,28,29,30,33,35,41],"ascension_level":4}