{"gold_per_floor":[112,126,136,61,80,80,107,107,134,134,160,160,178,18,18,18],"floor_reached":16,"playtime":872,"items_purged":[],"score":204,"play_id":"699c0575-e60b-4b1b-baed-64370eb1f68f","local_time":"20210908034540","is_ascension_mode":true,"campfire_choices":[{"data":"Eruption","floor":6,"key":"SMITH"},{"floor":8,"key":"REST"},{"data":"SashWhip","floor":12,"key":"SMITH"},{"data":"BowlingBash","floor":15,"key":"SMITH"}],"neow_cost":"NONE","seed_source_timestamp":76293097826637,"circlet_count":0,"master_deck":["AscendersBane","Strike_P","Strike_P","Defend_P","Defend_P","Eruption+1","Vigilance","FlyingSleeves","BowlingBash+1","FearNoEvil","SashWhip+1","FlurryOfBlows","Wireheading","WheelKick"],"special_seed":0,"relics":["Empty Cage","Ancient Tea Set","Oddly Smooth Stone","Bag of Preparation","ClockworkSouvenir"],"potions_floor_usage":[7,11],"damage_taken":[{"damage":15,"enemies":"Small Slimes","floor":1,"turns":5},{"damage":4,"enemies":"2 Louse","floor":2,"turns":4},{"damage":0,"enemies":"Cultist","floor":3,"turns":2},{"damage":4,"enemies":"Looter","floor":5,"turns":3},{"damage":22,"enemies":"Lagavulin","floor":7,"turns":7},{"damage":10,"enemies":"3 Sentries","floor":11,"turns":9},{"damage":0,"enemies":"3 Louse","floor":13,"turns":1},{"damage":22,"enemies":"Slime Boss","floor":16,"turns":5}],"seed_played":"2477363200508911689","potions_obtained":[{"floor":5,"key":"AttackPotion"},{"floor":7,"key":"LiquidMemories"},{"floor":13,"key":"Ancient Potion"}],"is_trial":false,"path_per_floor":["M","M","M","?","M","R","E","R","T","?","E","R","M","$","R","B"],"character_chosen":"WATCHER","items_purchased":["ClockworkSouvenir"],"campfire_rested":1,"item_purchase_floors":[14],"current_hp_per_floor":[46,42,42,42,38,38,16,36,36,29,19,19,19,19,19,0],"gold":18,"neow_bonus":"BOSS_RELIC","is_prod":false,"is_daily":false,"chose_seed":false,"campfire_upgraded":3,"win_rate":0,"timestamp":1631090740,"path_taken":["M","M","M","?","M","R","E","R","T","?","E","R","M","$","R","BOSS"],"build_version":"2020-12-22","purchased_purges":0,"victory":false,"max_hp_per_floor":[68,68,68,68,68,68,68,68,68,68,68,68,68,68,68,68],"relic_stats":{"counters":[8,36],"Bag of Preparation":[4],"Ancient Tea Set":[6],"obtain_stats":[{"Oddly Smooth Stone":9,"Bag of Preparation":11,"PureWater":0,"Empty Cage":0,"Ancient Tea Set":7,"ClockworkSouvenir":14},{"Oddly Smooth Stone":5,"Bag of Preparation":6,"PureWater":0,"Empty Cage":0,"Ancient Tea Set":5,"ClockworkSouvenir":7},{"Oddly Smooth Stone":21,"Bag of Preparation":30,"PureWater":0,"Empty Cage":0,"Ancient Tea Set":21,"ClockworkSouvenir":31}]},"card_choices":[{"not_picked":["ClearTheMind","Nirvana"],"picked":"FlyingSleeves","floor":1},{"not_picked":["FollowUp","EmptyMind"],"picked":"BowlingBash","floor":2},{"not_picked":["FlurryOfBlows","Crescendo"],"picked":"FearNoEvil","floor":3},{"not_picked":["Perseverance","DeusExMachina"],"picked":"SashWhip","floor":5},{"not_picked":["Study","PathToVictory"],"picked":"FlurryOfBlows","floor":7},{"not_picked":["Prostrate","Evaluate"],"picked":"Wireheading","floor":11},{"not_picked":["ClearTheMind","Halt"],"picked":"WheelKick","floor":13}],"player_experience":624417,"relics_obtained":[{"floor":7,"key":"Ancient Tea Set"},{"floor":9,"key":"Oddly Smooth Stone"},{"floor":11,"key":"Bag of Preparation"}],"event_choices":[{"cards_removed":["Defend_P"],"damage_healed":0,"gold_gain":0,"player_choice":"Card Removal","damage_taken":0,"max_hp_gain":0,"max_hp_loss":0,"event_name":"The Cleric","floor":4,"gold_loss":75},{"cards_removed":["Strike_P"],"damage_healed":0,"gold_gain":0,"player_choice":"Card Removal","damage_taken":7,"max_hp_gain":0,"max_hp_loss":0,"event_name":"Golden Wing","floor":10,"gold_loss":0}],"is_beta":false,"boss_relics":[],"items_purged_floors":[],"is_endless":false,"potions_floor_spawned":[5,7,13],"killed_by":"Slime Boss","ascension_level":17}