{"gold_per_floor":[117,137,147,147,191,226,2,42,42,42,100,100,147,207,207,313,313,357,406,426,470,513,513,575,48,48,67,126,145,201,245,245,347,347,395,113,128,148,18,80,80,138,161,161,207,253,297,359,359,389,389,389,11,46,46],"floor_reached":56,"playtime":5269,"items_purged":["Strike_P","Strike_P","Strike_P","Defend_P"],"score":2638,"play_id":"954ea653-6b95-45a0-85a5-c94e7288029e","local_time":"20210910042750","is_ascension_mode":true,"campfire_choices":[{"data":"Wish","floor":10.0,"key":"SMITH"},{"data":"ConjureBlade","floor":12.0,"key":"SMITH"},{"data":"WheelKick","floor":15.0,"key":"SMITH"},{"data":"Fasting2","floor":23.0,"key":"SMITH"},{"floor":32.0,"key":"DIG"},{"data":"1","floor":41.0,"key":"LIFT"},{"data":"2","floor":44.0,"key":"LIFT"},{"floor":49.0,"key":"RECALL"},{"data":"3","floor":52,"key":"LIFT"}],"neow_cost":"NONE","seed_source_timestamp":0,"circlet_count":0,"master_deck":["AscendersBane","Strike_P+1","Defend_P","Defend_P","Defend_P+1","Eruption+1","Vigilance+1","SashWhip+1","Adaptation","ConjureBlade+1","Wish+1","Eruption+1","WheelKick+1","MentalFortress","Vault","Swivel","Ragnarok+1","Fasting2+1","FearNoEvil+1","EmptyFist+1","Wallop+1","Brilliance+1","CrushJoints+1","Ragnarok+1","WheelKick+1","LessonLearned+1","SandsOfTime+1","SandsOfTime+1","Omniscience"],"special_seed":0,"relics":["Snecko Eye","Orichalcum","Pantograph","Shovel","Molten Egg 2","Velvet Choker","The Courier","FossilizedHelix","Bag of Preparation","Anchor","Mercury Hourglass","Tiny Chest","Ginger","Girya","Fusion Hammer","Membership Card","Bag of Marbles","ClockworkSouvenir","Boot","Vajra","Whetstone","Bronze Scales","Bottled Tornado","Toy Ornithopter","Ornamental Fan"],"potions_floor_usage":[53,55,55],"damage_taken":[{"damage":5.0,"enemies":"Small Slimes","floor":1.0,"turns":4.0},{"damage":0.0,"enemies":"Cultist","floor":2.0,"turns":3.0},{"damage":0.0,"enemies":"Jaw Worm","floor":3.0,"turns":3.0},{"damage":5.0,"enemies":"Exordium Wildlife","floor":5.0,"turns":4.0},{"damage":10.0,"enemies":"3 Sentries","floor":6.0,"turns":4.0},{"damage":2.0,"enemies":"Large Slime","floor":8.0,"turns":3.0},{"damage":0.0,"enemies":"Lagavulin","floor":11.0,"turns":5.0},{"damage":0.0,"enemies":"2 Fungi Beasts","floor":13.0,"turns":4.0},{"damage":8.0,"enemies":"3 Sentries","floor":14.0,"turns":4.0},{"damage":21.0,"enemies":"The Guardian","floor":16.0,"turns":8.0},{"damage":6.0,"enemies":"3 Byrds","floor":18.0,"turns":4.0},{"damage":0.0,"enemies":"Spheric Guardian","floor":19.0,"turns":3.0},{"damage":0.0,"enemies":"Snecko","floor":20.0,"turns":1.0},{"damage":0.0,"enemies":"3 Cultists","floor":21.0,"turns":3.0},{"damage":6.0,"enemies":"Centurion and Healer","floor":22.0,"turns":4.0},{"damage":14.0,"enemies":"Book of Stabbing","floor":24.0,"turns":5.0},{"damage":0.0,"enemies":"Cultist and Chosen","floor":27.0,"turns":3.0},{"damage":0.0,"enemies":"Gremlin Leader","floor":28.0,"turns":3.0},{"damage":0.0,"enemies":"Snake Plant","floor":29.0,"turns":2.0},{"damage":0.0,"enemies":"Book of Stabbing","floor":30.0,"turns":4.0},{"damage":0.0,"enemies":"3 Cultists","floor":31.0,"turns":3.0},{"damage":0.0,"enemies":"Automaton","floor":33.0,"turns":6.0},{"damage":0.0,"enemies":"3 Shapes","floor":35.0,"turns":4.0},{"damage":0.0,"enemies":"3 Darklings","floor":37.0,"turns":1.0},{"damage":0.0,"enemies":"Spire Growth","floor":38.0,"turns":2.0},{"damage":0.0,"enemies":"Nemesis","floor":40.0,"turns":3.0},{"damage":0.0,"enemies":"Giant Head","floor":42.0,"turns":5.0},{"damage":0.0,"enemies":"4 Shapes","floor":45.0,"turns":3.0},{"damage":0.0,"enemies":"Jaw Worm Horde","floor":46.0,"turns":2.0},{"damage":0.0,"enemies":"Sphere and 2 Shapes","floor":47.0,"turns":2.0},{"damage":0.0,"enemies":"Reptomancer","floor":48.0,"turns":3.0},{"damage":0,"enemies":"Time Eater","floor":50,"turns":5},{"damage":6,"enemies":"Shield and Spear","floor":54,"turns":3},{"damage":30,"enemies":"The Heart","floor":55,"turns":5}],"seed_played":"2410325293876761041","potions_obtained":[{"floor":1.0,"key":"BottledMiracle"},{"floor":2.0,"key":"DistilledChaos"},{"floor":11.0,"key":"FairyPotion"},{"floor":13.0,"key":"SneckoOil"},{"floor":16.0,"key":"DistilledChaos"},{"floor":20.0,"key":"EntropicBrew"},{"floor":21.0,"key":"GamblersBrew"},{"floor":22.0,"key":"EntropicBrew"},{"floor":24.0,"key":"Fire Potion"},{"floor":33.0,"key":"Block Potion"}],"is_trial":false,"path_per_floor":["M","M","M","?","M","E","$","M","T","R","E","R","M","E","R","B",null,"M","M","M","M","M","R","E","$","T","M","E","M","E","M","R","B",null,"M","$","M","M","$","E","R","E","T","R","M","M","M","E","R","B",null,"R","$","E","B",null],"character_chosen":"WATCHER","items_purchased":["Vault","FossilizedHelix","Bag of Preparation","Anchor","Membership Card","Bag of Marbles","WheelKick+1","ClockworkSouvenir","Bronze Scales","Bottled Tornado","Toy Ornithopter","Fruit Juice","Strength Potion"],"campfire_rested":0,"item_purchase_floors":[7,25,25,25,36,36,36,39,53,53,53,53,53],"current_hp_per_floor":[56,56,56,56,51,41,41,39,39,39,39,39,39,31,31,35,60,54,54,54,54,48,48,34,34,34,34,34,34,34,34,34,59,66,66,66,66,66,66,66,66,66,66,66,66,66,66,66,66,68,68,68,73,67,43],"gold":46,"neow_bonus":"BOSS_RELIC","is_prod":false,"is_daily":false,"chose_seed":false,"campfire_upgraded":4,"win_rate":0,"timestamp":1631266070,"path_taken":["M","M","M","?","M","E","$","M","T","R","E","R","M","E","R","BOSS","M","M","M","M","?","R","E","$","T","M","E","M","E","M","R","BOSS","M","$","M","M","$","E","R","E","T","R","?","M","M","E","R","BOSS","R","$","E","BOSS"],"build_version":"2020-12-22","purchased_purges":4,"victory":true,"max_hp_per_floor":[68,68,68,68,68,68,68,68,68,68,68,68,68,68,68,68,68,68,68,68,68,68,68,68,68,68,68,68,68,68,68,68,68,68,68,68,68,68,68,68,68,68,68,68,68,68,68,68,68,68,68,68,73,73,73],"relic_stats":{"Girya":3,"counters":[34,118],"The Courier":1053,"Bag of Preparation":[36],"Ginger":[4],"Whetstone":["Eruption","SashWhip"],"Orichalcum":[156],"Bottled Tornado":"Fasting2","Boot":[0],"Mercury Hourglass":[252],"Shovel":1,"Ornamental Fan":[8],"Pantograph":58,"Bronze Scales":[57],"Snecko Eye":[229,225,204,205,92],"Tiny Chest":0,"Membership Card":1053,"obtain_stats":[{"Vajra":42,"Bag of Preparation":25,"Ginger":30,"Whetstone":48,"Bottled Tornado":53,"Boot":40,"ClockworkSouvenir":39,"Shovel":11,"Pantograph":9,"Tiny Chest":28,"Fusion Hammer":34,"Girya":32,"Velvet Choker":17,"The Courier":24,"Orichalcum":6,"Mercury Hourglass":26,"Anchor":25,"Ornamental Fan":54,"Bronze Scales":53,"Snecko Eye":0,"Molten Egg 2":14,"Bag of Marbles":36,"Membership Card":36,"PureWater":0,"FossilizedHelix":25,"Toy Ornithopter":53},{"Vajra":27,"Bag of Preparation":16,"Ginger":20,"Whetstone":31,"Bottled Tornado":32,"Boot":26,"ClockworkSouvenir":25,"Shovel":7,"Pantograph":6,"Tiny Chest":18,"Fusion Hammer":22,"Girya":21,"Velvet Choker":10,"The Courier":16,"Orichalcum":5,"Mercury Hourglass":16,"Anchor":16,"Ornamental Fan":33,"Bronze Scales":32,"Snecko Eye":0,"Molten Egg 2":9,"Bag of Marbles":23,"Membership Card":23,"PureWater":0,"FossilizedHelix":16,"Toy Ornithopter":32},{"Vajra":96,"Bag of Preparation":62,"Ginger":72,"Whetstone":105,"Bottled Tornado":110,"Boot":91,"ClockworkSouvenir":88,"Shovel":26,"Pantograph":21,"Tiny Chest":67,"Fusion Hammer":81,"Girya":75,"Velvet Choker":42,"The Courier":62,"Orichalcum":18,"Mercury Hourglass":62,"Anchor":62,"Ornamental Fan":113,"Bronze Scales":110,"Snecko Eye":0,"Molten Egg 2":34,"Bag of Marbles":85,"Membership Card":85,"PureWater":0,"FossilizedHelix":62,"Toy Ornithopter":110}],"FossilizedHelix":[86],"Toy Ornithopter":0},"card_choices":[{"not_picked":["InnerPeace","Halt"],"picked":"SashWhip","floor":1.0},{"not_picked":["Prostrate","FlurryOfBlows"],"picked":"Adaptation","floor":2.0},{"not_picked":["Halt","FlyingSleeves"],"picked":"ConjureBlade","floor":3.0},{"not_picked":["ClearTheMind","LikeWater"],"picked":"WheelKick","floor":5.0},{"not_picked":["FollowUp","JustLucky"],"picked":"MentalFortress","floor":6.0},{"not_picked":["FollowUp","Judgement","WaveOfTheHand"],"picked":"SKIP","floor":8.0},{"not_picked":["CrushJoints","Halt","FlyingSleeves"],"picked":"SKIP","floor":11.0},{"not_picked":["CrushJoints","Halt","FlyingSleeves"],"picked":"SKIP","floor":11.0},{"not_picked":["ThirdEye","Vengeance","PathToVictory"],"picked":"SKIP","floor":13.0},{"not_picked":["Sanctity","Devotion"],"picked":"Swivel","floor":14.0},{"not_picked":["Brilliance+1","SpiritShield"],"picked":"Ragnarok+1","floor":16.0},{"not_picked":["Conclude+1","Pray"],"picked":"Fasting2","floor":18.0},{"not_picked":["Consecrate+1","EmptyBody","Evaluate+1"],"picked":"SKIP","floor":19.0},{"not_picked":["WindmillStrike+1","FollowUp+1"],"picked":"FearNoEvil+1","floor":20.0},{"not_picked":["Evaluate","FollowUp+1","FlyingSleeves+1"],"picked":"SKIP","floor":21.0},{"not_picked":["Consecrate+1","FollowUp+1"],"picked":"EmptyFist+1","floor":22.0},{"not_picked":["PathToVictory","FlurryOfBlows+1","Devotion"],"picked":"SKIP","floor":24.0},{"not_picked":["FollowUp+1","Halt"],"picked":"Wallop+1","floor":27.0},{"not_picked":["Swivel","CutThroughFate+1"],"picked":"Brilliance+1","floor":28.0},{"not_picked":["SashWhip+1","ThirdEye+1","MentalFortress+1"],"picked":"SKIP","floor":29.0},{"not_picked":["ThirdEye","Collect"],"picked":"CrushJoints+1","floor":30.0},{"not_picked":["ClearTheMind","EmptyFist+1","Vengeance"],"picked":"SKIP","floor":31.0},{"not_picked":["SpiritShield","MasterReality"],"picked":"Ragnarok+1","floor":33.0},{"not_picked":["EmptyFist+1","BattleHymn","CrushJoints+1"],"picked":"SKIP","floor":35.0},{"not_picked":["Fasting2","EmptyFist+1","Prostrate"],"picked":"SKIP","floor":37.0},{"not_picked":["ThirdEye","Nirvana","EmptyFist+1"],"picked":"SKIP","floor":38.0},{"not_picked":["FlurryOfBlows+1","CrushJoints+1"],"picked":"LessonLearned+1","floor":40.0},{"not_picked":["FlurryOfBlows+1","WreathOfFlame"],"picked":"SandsOfTime+1","floor":42.0},{"not_picked":["EmptyFist+1","Sanctity","Evaluate"],"picked":"SKIP","floor":45.0},{"not_picked":["Consecrate+1","EmptyBody"],"picked":"SandsOfTime+1","floor":46.0},{"not_picked":["Nirvana","ClearTheMind","ReachHeaven+1"],"picked":"SKIP","floor":47.0},{"not_picked":["BowlingBash+1","FollowUp+1","Sanctity"],"picked":"SKIP","floor":48.0},{"not_picked":["ThirdEye","Crescendo"],"picked":"Omniscience","floor":54}],"player_experience":627249,"relics_obtained":[{"floor":6.0,"key":"Orichalcum"},{"floor":9.0,"key":"Pantograph"},{"floor":11.0,"key":"Shovel"},{"floor":14.0,"key":"Molten Egg 2"},{"floor":24.0,"key":"The Courier"},{"floor":26.0,"key":"Mercury Hourglass"},{"floor":28.0,"key":"Tiny Chest"},{"floor":30.0,"key":"Ginger"},{"floor":32.0,"key":"Girya"},{"floor":40.0,"key":"Boot"},{"floor":42.0,"key":"Vajra"},{"floor":48.0,"key":"Whetstone"},{"floor":54,"key":"Ornamental Fan"}],"event_choices":[{"damage_healed":0.0,"max_hp_gain":0.0,"max_hp_loss":0.0,"gold_gain":0.0,"event_name":"Match and Keep!","player_choice":"2 cards matched","floor":4.0,"gold_loss":0.0,"damage_taken":0.0,"cards_obtained":["Wish","Eruption"]}],"is_beta":false,"boss_relics":[{"not_picked":["SlaversCollar","Empty Cage"],"picked":"Velvet Choker"},{"not_picked":["Cursed Key","Astrolabe"],"picked":"Fusion Hammer"}],"items_purged_floors":[7,36,39,53],"is_endless":false,"potions_floor_spawned":[1,2,11,13,16,20,21,22,24,29,31,33,38,40,42,45,54],"ascension_level":17}