{"gold_per_floor":[113,132,132,147,147,182,182,182,208,46,78,97,129,142,142,216,216,233,83,83,95,105,138,138,168,219,219,219,8,8,35,35,35],"floor_reached":33,"playtime":3501,"items_purged":["Defend_P"],"score":657,"play_id":"537ea19a-e75c-48d3-9b48-5134c052c3d1","local_time":"20210930024458","is_ascension_mode":true,"campfire_choices":[{"data":"CutThroughFate","floor":8.0,"key":"SMITH"},{"data":"Scrawl","floor":15.0,"key":"SMITH"},{"data":"RitualDagger","floor":27.0,"key":"SMITH"},{"data":"WaveOfTheHand","floor":32.0,"key":"SMITH"}],"neow_cost":"NONE","seed_source_timestamp":0,"circlet_count":0,"master_deck":["AscendersBane","Strike_P+1","Strike_P+1","Strike_P+1","Defend_P+1","Defend_P+1","Eruption","Vigilance","FlurryOfBlows","CutThroughFate+1","Conclude","Scrawl+1","EmptyMind","ThirdEye","ThirdEye","ClearTheMind","Halt","CutThroughFate","Crescendo","CarveReality","Blasphemy","BowlingBash","Wallop","Protect+1","Indignation","RitualDagger+1","Regret","Writhe","WaveOfTheHand+1","Vengeance","WheelKick"],"special_seed":0,"relics":["PureWater","Blood Vial","Toy Ornithopter","StoneCalendar","Art of War","Orrery","Bag of Marbles","Calipers","Cursed Key","Mercury Hourglass","Meat on the Bone","Nunchaku","WingedGreaves","Membership Card","PreservedInsect"],"potions_floor_usage":[33],"damage_taken":[{"damage":0.0,"enemies":"2 Louse","floor":1.0,"turns":4.0},{"damage":2.0,"enemies":"Cultist","floor":2.0,"turns":3.0},{"damage":2.0,"enemies":"Small Slimes","floor":4.0,"turns":3.0},{"damage":18.0,"enemies":"Lagavulin","floor":6.0,"turns":4.0},{"damage":16.0,"enemies":"Gremlin Nob","floor":11.0,"turns":3.0},{"damage":0.0,"enemies":"Blue Slaver","floor":12.0,"turns":3.0},{"damage":7.0,"enemies":"Lagavulin","floor":13.0,"turns":7.0},{"damage":0.0,"enemies":"Large Slime","floor":14.0,"turns":3.0},{"damage":15.0,"enemies":"The Guardian","floor":16.0,"turns":9.0},{"damage":0.0,"enemies":"Spheric Guardian","floor":18.0,"turns":2.0},{"damage":4.0,"enemies":"Shell Parasite","floor":21.0,"turns":2.0},{"damage":16.0,"enemies":"Centurion and Healer","floor":22.0,"turns":4.0},{"damage":16.0,"enemies":"Book of Stabbing","floor":23.0,"turns":4.0},{"damage":0.0,"enemies":"Slavers","floor":25.0,"turns":1.0},{"damage":27.0,"enemies":"Book of Stabbing","floor":31.0,"turns":4.0},{"damage":36,"enemies":"Collector","floor":33,"turns":5}],"seed_played":"-2104492460136801647","potions_obtained":[{"floor":2.0,"key":"Block Potion"},{"floor":6.0,"key":"SneckoOil"},{"floor":11.0,"key":"Weak Potion"},{"floor":12.0,"key":"Swift Potion"},{"floor":22.0,"key":"SteroidPotion"},{"floor":31.0,"key":"Strength Potion"}],"is_trial":false,"path_per_floor":["M","M","?","M","?","E","?","R","T","$","E","M","E","M","R","B",null,"M","$","?","M","M","E","?","E","T","R","?","$","?","E","R","B"],"character_chosen":"WATCHER","items_purchased":["Orrery","Wallop","Membership Card","WaveOfTheHand"],"campfire_rested":0,"item_purchase_floors":[10,19,29,29],"current_hp_per_floor":[63,63,63,63,37,26,26,26,26,26,17,19,19,21,21,8,53,55,55,55,53,39,30,24,26,26,26,26,26,26,18,18,0],"gold":35,"neow_bonus":"RANDOM_COMMON_RELIC","is_prod":false,"is_daily":false,"chose_seed":false,"campfire_upgraded":4,"win_rate":0,"timestamp":1632995098,"path_taken":["M","M","?","?","?","E","?","R","T","$","E","M","E","M","R","BOSS","M","$","?","M","M","E","?","E","T","R","?","$","?","E","R","BOSS"],"build_version":"2020-12-22","purchased_purges":1,"victory":false,"max_hp_per_floor":[68,68,68,68,68,68,68,68,68,68,68,68,68,68,68,68,68,68,68,68,68,68,68,68,68,68,68,68,68,68,68,68,68],"relic_stats":{"Calipers":[0],"counters":[16,61],"StoneCalendar":[96],"PreservedInsect":0,"Cursed Key":1,"Mercury Hourglass":[48],"Blood Vial":32,"Nunchaku":[1],"WingedGreaves":2,"Art of War":[6],"Membership Card":39,"PureWater":[16],"obtain_stats":[{"Calipers":13,"StoneCalendar":6,"PreservedInsect":31,"Cursed Key":17,"Mercury Hourglass":23,"Blood Vial":0,"Nunchaku":26,"Orrery":10,"WingedGreaves":28,"Art of War":9,"Bag of Marbles":11,"Membership Card":29,"PureWater":0,"Toy Ornithopter":5,"Meat on the Bone":25},{"Calipers":7,"StoneCalendar":4,"PreservedInsect":15,"Cursed Key":9,"Mercury Hourglass":13,"Blood Vial":0,"Nunchaku":14,"Orrery":4,"WingedGreaves":14,"Art of War":4,"Bag of Marbles":5,"Membership Card":14,"PureWater":0,"Toy Ornithopter":3,"Meat on the Bone":14},{"Calipers":27,"StoneCalendar":14,"PreservedInsect":56,"Cursed Key":39,"Mercury Hourglass":51,"Blood Vial":0,"Nunchaku":52,"Orrery":14,"WingedGreaves":52,"Art of War":14,"Bag of Marbles":17,"Membership Card":52,"PureWater":0,"Toy Ornithopter":10,"Meat on the Bone":52}],"Toy Ornithopter":30,"Meat on the Bone":12},"card_choices":[{"not_picked":["Evaluate","FlyingSleeves"],"picked":"FlurryOfBlows","floor":1.0},{"not_picked":["BowlingBash","CrushJoints"],"picked":"CutThroughFate","floor":2.0},{"not_picked":["PathToVictory","Fasting2"],"picked":"Conclude","floor":4.0},{"not_picked":["FollowUp","Tantrum"],"picked":"Scrawl","floor":6.0},{"not_picked":["FlyingSleeves","Perseverance"],"picked":"EmptyMind","floor":10.0},{"not_picked":["Prostrate","SignatureMove"],"picked":"ThirdEye","floor":10.0},{"not_picked":["WaveOfTheHand","Evaluate"],"picked":"ThirdEye","floor":10.0},{"not_picked":["Omniscience","ThirdEye"],"picked":"ClearTheMind","floor":10.0},{"not_picked":["FlyingSleeves","Prostrate"],"picked":"Halt","floor":11.0},{"not_picked":["FlurryOfBlows","ThirdEye"],"picked":"CutThroughFate","floor":12.0},{"not_picked":["InnerPeace","SignatureMove"],"picked":"Crescendo","floor":13.0},{"not_picked":["Vengeance","FollowUp"],"picked":"CarveReality","floor":14.0},{"not_picked":["ConjureBlade","Establishment"],"picked":"Blasphemy","floor":16.0},{"not_picked":["CrushJoints","Conclude+1"],"picked":"BowlingBash","floor":18.0},{"not_picked":["Halt","Protect","ClearTheMind"],"picked":"SKIP","floor":21.0},{"not_picked":["SignatureMove","DeceiveReality"],"picked":"Protect+1","floor":22.0},{"not_picked":["Collect","Sanctity"],"picked":"Indignation","floor":23.0},{"not_picked":["BattleHymn","Perseverance","ClearTheMind"],"picked":"SKIP","floor":25.0},{"not_picked":["Vengeance","Wireheading"],"picked":"WheelKick","floor":31.0}],"player_experience":648039,"relics_obtained":[{"floor":6.0,"key":"StoneCalendar"},{"floor":9.0,"key":"Art of War"},{"floor":11.0,"key":"Bag of Marbles"},{"floor":13.0,"key":"Calipers"},{"floor":23.0,"key":"Mercury Hourglass"},{"floor":25.0,"key":"Meat on the Bone"},{"floor":26.0,"key":"Nunchaku"},{"floor":31.0,"key":"PreservedInsect"}],"event_choices":[{"cards_removed":["Defend_P"],"damage_healed":0.0,"max_hp_gain":0.0,"max_hp_loss":0.0,"gold_gain":0.0,"event_name":"Bonfire Elementals","player_choice":"Offered Basic","floor":3.0,"gold_loss":0.0,"damage_taken":0.0},{"damage_healed":0.0,"max_hp_gain":0.0,"max_hp_loss":0.0,"gold_gain":0.0,"event_name":"Scrap Ooze","player_choice":"Success","floor":5.0,"gold_loss":0.0,"damage_taken":26.0,"relics_obtained":["Toy Ornithopter"]},{"damage_healed":0.0,"max_hp_gain":0.0,"max_hp_loss":0.0,"gold_gain":0.0,"event_name":"Shining Light","player_choice":"Ignored","floor":7.0,"gold_loss":0.0,"damage_taken":0.0},{"damage_healed":0.0,"max_hp_gain":0.0,"max_hp_loss":0.0,"gold_gain":0.0,"event_name":"Back to Basics","player_choice":"Simplicity","floor":20.0,"gold_loss":0.0,"damage_taken":0.0,"cards_upgraded":["Strike_P","Strike_P","Strike_P","Strike_P","Defend_P","Defend_P"]},{"damage_healed":0.0,"max_hp_gain":0.0,"max_hp_loss":0.0,"gold_gain":0.0,"event_name":"Nest","player_choice":"Joined the Cult","floor":24.0,"gold_loss":0.0,"damage_taken":6.0,"cards_obtained":["RitualDagger"]},{"damage_healed":0.0,"max_hp_gain":0.0,"max_hp_loss":0.0,"gold_gain":0.0,"event_name":"The Mausoleum","player_choice":"Opened","floor":28.0,"gold_loss":0.0,"damage_taken":0.0,"relics_obtained":["WingedGreaves"],"cards_obtained":["Writhe"]},{"damage_healed":0.0,"max_hp_gain":0.0,"max_hp_loss":0.0,"gold_gain":0.0,"cards_transformed":["Strike_P"],"event_name":"Transmorgrifier","player_choice":"Transformed","floor":30.0,"gold_loss":0.0,"damage_taken":0.0,"cards_obtained":["Vengeance"]}],"is_beta":false,"boss_relics":[{"not_picked":["Busted Crown","Runic Dome"],"picked":"Cursed Key"}],"items_purged_floors":[19],"is_endless":false,"potions_floor_spawned":[2,6,11,12,22,31],"killed_by":"Collector","ascension_level":18}