{"gold_per_floor":[111,186,196,196,212,212,237,237,237,237,265,279,308,337,337,421,421,421],"floor_reached":18,"playtime":2470,"items_purged":[],"score":351,"play_id":"1c196ecd-80c2-43f8-a807-57fbde91ff8e","local_time":"20211009185032","is_ascension_mode":true,"campfire_choices":[{"data":"CrushJoints","floor":6,"key":"SMITH"},{"data":"BowlingBash","floor":8,"key":"SMITH"},{"data":"ThirdEye","floor":10,"key":"SMITH"},{"data":"ThirdEye","floor":15,"key":"SMITH"}],"neow_cost":"NONE","seed_source_timestamp":644026457583352,"circlet_count":0,"master_deck":["AscendersBane","Strike_P","Strike_P","Strike_P","Strike_P","Defend_P","Defend_P","Defend_P","Defend_P","Eruption","Vigilance","BowlingBash+1","CrushJoints+1","Halt","ThirdEye+1","BattleHymn","ThirdEye+1","Blasphemy"],"relics":["SlaversCollar","Incense Burner","Pantograph","Smiling Mask","CeramicFish","Runic Pyramid"],"potions_floor_usage":[16],"damage_taken":[{"damage":0,"enemies":"Jaw Worm","floor":1,"turns":2},{"damage":6,"enemies":"Cultist","floor":3,"turns":4},{"damage":0,"enemies":"2 Louse","floor":5,"turns":3},{"damage":18,"enemies":"Gremlin Nob","floor":7,"turns":3},{"damage":14,"enemies":"Lagavulin","floor":11,"turns":6},{"damage":0,"enemies":"Large Slime","floor":12,"turns":4},{"damage":1,"enemies":"Gremlin Nob","floor":13,"turns":3},{"damage":6,"enemies":"Exordium Wildlife","floor":14,"turns":5},{"damage":15,"enemies":"Hexaghost","floor":16,"turns":5},{"damage":9,"enemies":"Chosen","floor":18,"turns":5}],"seed_played":"-5143682181239993974","potions_obtained":[{"floor":3,"key":"BottledMiracle"},{"floor":5,"key":"CultistPotion"},{"floor":12,"key":"LiquidMemories"}],"is_trial":false,"path_per_floor":["M","?","M","?","M","R","E","R","T","R","E","M","E","M","R","B",null,"M"],"character_chosen":"WATCHER","items_purchased":[],"campfire_rested":0,"item_purchase_floors":[],"current_hp_per_floor":[61,50,44,44,44,44,26,26,26,26,12,12,11,5,5,15,55,46],"gold":421,"neow_bonus":"BOSS_RELIC","is_prod":false,"is_daily":false,"chose_seed":false,"campfire_upgraded":4,"win_rate":0,"timestamp":1633830632,"path_taken":["M","?","M","?","M","R","E","R","T","R","E","?","E","M","R","BOSS","M"],"build_version":"2020-12-22","purchased_purges":0,"victory":false,"max_hp_per_floor":[68,68,68,68,68,68,68,68,68,68,68,68,68,68,68,68,68,68],"relic_stats":{"counters":[10,40],"Pantograph":25,"CeramicFish":18,"Smiling Mask":0,"obtain_stats":[{"SlaversCollar":0,"Pantograph":9,"CeramicFish":13,"Incense Burner":7,"PureWater":0,"Smiling Mask":11,"Runic Pyramid":17},{"SlaversCollar":0,"Pantograph":4,"CeramicFish":7,"Incense Burner":4,"PureWater":0,"Smiling Mask":5,"Runic Pyramid":9},{"SlaversCollar":0,"Pantograph":12,"CeramicFish":25,"Incense Burner":12,"PureWater":0,"Smiling Mask":18,"Runic Pyramid":35}]},"card_choices":[{"not_picked":["PathToVictory","Wireheading"],"picked":"BowlingBash","floor":1},{"not_picked":["ClearTheMind","Consecrate"],"picked":"CrushJoints","floor":3},{"not_picked":["WaveOfTheHand","FlyingSleeves"],"picked":"Halt","floor":5},{"not_picked":["Halt","ClearTheMind"],"picked":"ThirdEye","floor":7},{"not_picked":["BowlingBash","DeceiveReality"],"picked":"BattleHymn","floor":11},{"not_picked":["Fasting2","WreathOfFlame","FollowUp"],"picked":"SKIP","floor":12},{"not_picked":["CrushJoints","Prostrate","Judgement"],"picked":"SKIP","floor":13},{"not_picked":["Nirvana","BattleHymn"],"picked":"ThirdEye","floor":14},{"not_picked":["DeusExMachina","Establishment"],"picked":"Blasphemy","floor":16}],"player_experience":668113,"relics_obtained":[{"floor":7,"key":"Incense Burner"},{"floor":9,"key":"Pantograph"},{"floor":11,"key":"Smiling Mask"},{"floor":13,"key":"CeramicFish"}],"event_choices":[{"damage_healed":0,"gold_gain":75,"player_choice":"Gather Gold","damage_taken":11,"max_hp_gain":0,"max_hp_loss":0,"event_name":"World of Goop","floor":2,"gold_loss":0},{"damage_healed":0,"gold_gain":0,"player_choice":"0 cards matched","damage_taken":0,"max_hp_gain":0,"max_hp_loss":0,"event_name":"Match and Keep!","floor":4,"gold_loss":0,"cards_obtained":[]}],"is_beta":false,"boss_relics":[{"not_picked":["Fusion Hammer","Velvet Choker"],"picked":"Runic Pyramid"}],"items_purged_floors":[],"is_endless":false,"potions_floor_spawned":[3,5,12,14],"killed_by":"Chosen","ascension_level":19}