{"gold_per_floor":[219,219,219,98,117,145,165,200,200,200,234,234,234,21,21,100,100,111,111,137,157,157,157,188,188,270,303,322,355,28,28,28,102,102,119,139,154,154,173,198,198,133,209,226,245,245,10,38,38,38,38,38,6,32,32],"floor_reached":55,"playtime":8461,"items_purged":["Pain","Strike_P"],"score":1838,"play_id":"6b1c11a0-af15-4475-bbde-2bb1d493e3d0","local_time":"20211019124721","is_ascension_mode":true,"campfire_choices":[{"data":"Conclude","floor":10.0,"key":"SMITH"},{"data":"EmptyFist","floor":15.0,"key":"SMITH"},{"data":"TalkToTheHand","floor":23.0,"key":"SMITH"},{"data":"CrushJoints","floor":25.0,"key":"SMITH"},{"data":"Strike_P","floor":32,"key":"PURGE"},{"data":"DevaForm","floor":41,"key":"SMITH"},{"floor":46,"key":"RECALL"},{"data":"Defend_P","floor":49,"key":"PURGE"},{"data":"Wallop","floor":52,"key":"SMITH"}],"neow_cost":"NONE","seed_source_timestamp":245487135397485,"circlet_count":0,"master_deck":["AscendersBane","Defend_P","Defend_P","Defend_P","Eruption","Vigilance","EmptyFist+1","TalkToTheHand+1","Conclude+1","Wireheading","BowlingBash","Blasphemy+1","ReachHeaven+1","Weave","Master of Strategy","DevaForm+1","CrushJoints+1","CutThroughFate","Indignation","CutThroughFate","Halt","MentalFortress","EmptyFist","CutThroughFate","Scrawl","Protect","CutThroughFate","Wallop+1","FearNoEvil"],"special_seed":0,"relics":["PureWater","The Courier","WarpedTongs","Peace Pipe","Orichalcum","Ornamental Fan","Tiny Chest","Membership Card","Coffee Dripper","Omamori","Gambling Chip","Ancient Tea Set","Kunai","Meat on the Bone","Red Mask","Incense Burner","OrangePellets","Snecko Eye","Vajra","Bronze Scales","Letter Opener","Bag of Marbles","ClockworkSouvenir","Shuriken","Smiling Mask","White Beast Statue"],"potions_floor_usage":[27,28,33,40,55,55],"damage_taken":[{"damage":7.0,"enemies":"Cultist","floor":1.0,"turns":4.0},{"damage":3.0,"enemies":"Small Slimes","floor":5.0,"turns":4.0},{"damage":11.0,"enemies":"3 Sentries","floor":6.0,"turns":8.0},{"damage":0.0,"enemies":"2 Louse","floor":7.0,"turns":2.0},{"damage":0.0,"enemies":"Gremlin Nob","floor":8.0,"turns":3.0},{"damage":0.0,"enemies":"Lagavulin","floor":11.0,"turns":7.0},{"damage":8.0,"enemies":"The Guardian","floor":16.0,"turns":11.0},{"damage":1.0,"enemies":"Spheric Guardian","floor":18.0,"turns":3.0},{"damage":12.0,"enemies":"2 Thieves","floor":21.0,"turns":3.0},{"damage":0.0,"enemies":"Gremlin Leader","floor":24.0,"turns":4.0},{"damage":8,"enemies":"Book of Stabbing","floor":27,"turns":4},{"damage":1,"enemies":"Shelled Parasite and Fungi","floor":28,"turns":2},{"damage":0,"enemies":"Masked Bandits","floor":29,"turns":2},{"damage":0,"enemies":"Automaton","floor":33,"turns":6},{"damage":14,"enemies":"3 Shapes","floor":35,"turns":5},{"damage":0,"enemies":"3 Darklings","floor":36,"turns":1},{"damage":0,"enemies":"Spire Growth","floor":37,"turns":2},{"damage":8,"enemies":"Writhing Mass","floor":39,"turns":3},{"damage":1,"enemies":"Reptomancer","floor":40,"turns":4},{"damage":5,"enemies":"4 Shapes","floor":44,"turns":3},{"damage":0,"enemies":"Jaw Worm Horde","floor":45,"turns":2},{"damage":0,"enemies":"Nemesis","floor":48,"turns":3},{"damage":3,"enemies":"Donu and Deca","floor":50,"turns":7},{"damage":0,"enemies":"Shield and Spear","floor":54,"turns":3},{"damage":63,"enemies":"The Heart","floor":55,"turns":6}],"seed_played":"4421647683457016682","potions_obtained":[{"floor":1.0,"key":"EntropicBrew"},{"floor":7.0,"key":"SmokeBomb"},{"floor":11.0,"key":"PowerPotion"},{"floor":16.0,"key":"LiquidMemories"},{"floor":27,"key":"BlessingOfTheForge"},{"floor":29,"key":"BottledMiracle"},{"floor":33,"key":"Dexterity Potion"},{"floor":39,"key":"LiquidMemories"},{"floor":40,"key":"Strength Potion"}],"is_trial":false,"path_per_floor":["M","T","?","$","M","E","M","E","T","R","E","?","?","$","R","B",null,"M","?","T","M","?","R","E","R","T","E","M","?","$","T","R","B",null,"M","M","M","?","M","E","R","$","T","M","M","R","$","E","R","B",null,"R","$","E","B"],"character_chosen":"WATCHER","items_purchased":["TalkToTheHand","Membership Card","Master of Strategy","Incense Burner","OrangePellets","MentalFortress","EmptyFist","CutThroughFate","Bronze Scales","Bag of Marbles","ClockworkSouvenir","Shuriken","FearNoEvil"],"campfire_rested":0,"item_purchase_floors":[4,14,14,30,30,30,30,30,42,47,47,47,53],"current_hp_per_floor":[54,54,54,54,51,40,40,40,40,40,40,20,20,20,20,12,54,53,53,53,41,41,41,41,41,41,33,44,44,44,44,44,44,62,48,48,48,48,40,39,39,39,39,46,46,46,46,46,46,43,62,62,62,62,0],"gold":32,"neow_bonus":"HUNDRED_GOLD","is_prod":false,"is_daily":false,"chose_seed":false,"campfire_upgraded":6,"win_rate":0,"timestamp":1634672841,"path_taken":["M","?","?","$","?","E","M","E","T","R","E","?","?","$","R","BOSS","M","?","?","M","?","R","E","R","T","E","?","?","$","?","R","BOSS","M","M","M","?","M","E","R","$","T","?","M","R","$","E","R","BOSS","R","$","E","BOSS"],"build_version":"2020-12-22","purchased_purges":2,"victory":false,"max_hp_per_floor":[68,68,68,68,68,68,68,68,68,68,68,68,68,68,68,68,68,68,68,68,68,68,68,68,68,68,68,68,68,68,68,68,68,68,68,68,68,68,68,68,68,68,68,68,68,68,68,68,68,68,68,68,68,68,68],"relic_stats":{"counters":[25,102],"The Courier":1153,"Omamori":1,"Letter Opener":[40],"Orichalcum":[42],"Ancient Tea Set":[12],"Smiling Mask":0,"White Beast Statue":[0.0,0.0,0.0,0.0,0.0,1.0,0.0,0.0,0.0,0.0,0.0,0.0],"WarpedTongs":[98],"Peace Pipe":2,"OrangePellets":[10],"Ornamental Fan":[228],"Shuriken":[15],"Gambling Chip":[38],"Bronze Scales":[129],"Snecko Eye":[44,51,49,40,-69],"Tiny Chest":2,"Membership Card":1153,"Kunai":[43],"PureWater":[27],"obtain_stats":[{"Vajra":40,"Incense Burner":30,"Ancient Tea Set":24,"Smiling Mask":48,"ClockworkSouvenir":47,"Gambling Chip":22,"Tiny Chest":11,"Red Mask":29,"Kunai":26,"The Courier":2,"Omamori":20,"Letter Opener":43,"Orichalcum":8,"White Beast Statue":54,"WarpedTongs":3,"Peace Pipe":6,"OrangePellets":30,"Ornamental Fan":9,"Shuriken":47,"Bronze Scales":42,"Snecko Eye":34,"Coffee Dripper":17,"Bag of Marbles":47,"Membership Card":14,"PureWater":0,"Meat on the Bone":27},{"Vajra":19,"Incense Burner":13,"Ancient Tea Set":10,"Smiling Mask":22,"ClockworkSouvenir":21,"Gambling Chip":9,"Tiny Chest":6,"Red Mask":13,"Kunai":10,"The Courier":1,"Omamori":8,"Letter Opener":19,"Orichalcum":5,"White Beast Statue":24,"WarpedTongs":1,"Peace Pipe":3,"OrangePellets":13,"Ornamental Fan":5,"Shuriken":21,"Bronze Scales":19,"Snecko Eye":14,"Coffee Dripper":7,"Bag of Marbles":21,"Membership Card":6,"PureWater":0,"Meat on the Bone":11},{"Vajra":78,"Incense Burner":57,"Ancient Tea Set":49,"Smiling Mask":86,"ClockworkSouvenir":83,"Gambling Chip":45,"Tiny Chest":28,"Red Mask":57,"Kunai":49,"The Courier":4,"Omamori":42,"Letter Opener":78,"Orichalcum":21,"White Beast Statue":96,"WarpedTongs":4,"Peace Pipe":16,"OrangePellets":57,"Ornamental Fan":21,"Shuriken":83,"Bronze Scales":78,"Snecko Eye":63,"Coffee Dripper":39,"Bag of Marbles":83,"Membership Card":28,"PureWater":0,"Meat on the Bone":53}],"Meat on the Bone":24},"card_choices":[{"not_picked":["Pray","FlurryOfBlows"],"picked":"EmptyFist","floor":1.0},{"not_picked":["Protect","JustLucky"],"picked":"Conclude","floor":5.0},{"not_picked":["Prostrate","Meditate"],"picked":"Wireheading","floor":6.0},{"not_picked":["Pray","FlyingSleeves"],"picked":"BowlingBash","floor":7.0},{"not_picked":["ClearTheMind","Halt"],"picked":"Blasphemy","floor":8.0},{"not_picked":["ClearTheMind","BowlingBash"],"picked":"ReachHeaven","floor":11.0},{"not_picked":["Establishment","Judgement"],"picked":"DevaForm","floor":16.0},{"not_picked":["Swivel+1","FollowUp+1"],"picked":"CrushJoints","floor":18.0},{"not_picked":["Perseverance+1","ClearTheMind"],"picked":"Indignation","floor":21.0},{"not_picked":["Consecrate+1","BowlingBash"],"picked":"CutThroughFate","floor":24.0},{"not_picked":["Collect","BattleHymn"],"picked":"Halt","floor":27},{"not_picked":["JustLucky","InnerPeace+1","CrushJoints"],"picked":"SKIP","floor":28},{"not_picked":["Blasphemy","Brilliance"],"picked":"Scrawl","floor":33},{"not_picked":["SashWhip","Worship","Sanctity"],"picked":"SKIP","floor":35},{"not_picked":["InnerPeace+1","Tantrum"],"picked":"Protect","floor":36},{"not_picked":["Swivel","JustLucky","Crescendo"],"picked":"SKIP","floor":37},{"not_picked":["Collect","Swivel","EmptyBody"],"picked":"SKIP","floor":39},{"not_picked":["Tantrum","ReachHeaven"],"picked":"CutThroughFate","floor":40},{"not_picked":["Devotion","Halt","Conclude"],"picked":"SKIP","floor":44},{"not_picked":["WheelKick+1","WaveOfTheHand"],"picked":"Wallop","floor":45},{"not_picked":["Worship","PathToVictory","Halt"],"picked":"SKIP","floor":48},{"not_picked":["Prostrate","Conclude","CrushJoints"],"picked":"SKIP","floor":54}],"player_experience":671198,"relics_obtained":[{"floor":2.0,"key":"The Courier"},{"floor":6.0,"key":"Peace Pipe"},{"floor":8.0,"key":"Orichalcum"},{"floor":9.0,"key":"Ornamental Fan"},{"floor":11.0,"key":"Tiny Chest"},{"floor":20.0,"key":"Omamori"},{"floor":24.0,"key":"Ancient Tea Set"},{"floor":26.0,"key":"Kunai"},{"floor":27,"key":"Meat on the Bone"},{"floor":29,"key":"Red Mask"},{"floor":40,"key":"Vajra"},{"floor":43,"key":"Letter Opener"},{"floor":48,"key":"Smiling Mask"},{"floor":54,"key":"White Beast Statue"}],"event_choices":[{"damage_healed":0.0,"max_hp_gain":0.0,"max_hp_loss":0.0,"gold_gain":0.0,"event_name":"Accursed Blacksmith","player_choice":"Rummage","floor":3.0,"gold_loss":0.0,"damage_taken":0.0,"relics_obtained":["WarpedTongs"],"cards_obtained":["Pain"]},{"damage_healed":0.0,"max_hp_gain":0.0,"max_hp_loss":0.0,"gold_gain":0.0,"event_name":"Shining Light","player_choice":"Entered Light","floor":12.0,"gold_loss":0.0,"damage_taken":20.0,"cards_upgraded":["Blasphemy","ReachHeaven"]},{"damage_healed":0.0,"max_hp_gain":0.0,"max_hp_loss":0.0,"gold_gain":0.0,"cards_transformed":["Strike_P"],"event_name":"Living Wall","player_choice":"Change","floor":13.0,"gold_loss":0.0,"damage_taken":0.0,"cards_obtained":["Weave"]},{"damage_healed":0.0,"max_hp_gain":0.0,"max_hp_loss":0.0,"gold_gain":0.0,"event_name":"The Library","player_choice":"Read","floor":19.0,"gold_loss":0.0,"damage_taken":0.0,"cards_obtained":["CutThroughFate"]},{"damage_healed":0.0,"max_hp_gain":0.0,"max_hp_loss":0.0,"gold_gain":0.0,"event_name":"The Mausoleum","player_choice":"Opened","floor":22.0,"gold_loss":0.0,"damage_taken":0.0,"relics_obtained":["Gambling Chip"],"cards_obtained":["Writhe"]},{"damage_healed":0,"gold_gain":0,"player_choice":"Fought Bandits","damage_taken":0,"max_hp_gain":0,"max_hp_loss":0,"event_name":"Masked Bandits","floor":29,"gold_loss":0},{"cards_removed":["Strike_P"],"damage_healed":0,"gold_gain":0,"player_choice":"Purged","damage_taken":0,"max_hp_gain":0,"max_hp_loss":0,"event_name":"Purifier","floor":38,"gold_loss":0}],"is_beta":false,"boss_relics":[{"not_picked":["SacredBark","Philosopher\u0027s Stone"],"picked":"Coffee Dripper"},{"not_picked":["Busted Crown","HolyWater"],"picked":"Snecko Eye"}],"items_purged_floors":[4,30],"is_endless":false,"potions_floor_spawned":[1,7,11,16,18,27,29,33,37,39,40,48],"killed_by":"The Heart","ascension_level":19}