{"gold_per_floor":[13,31,46,58,77,77,110,121,121,36,65,65,83,83,83,160,160,179,199,114,36,54,79,79,99,99,131,131,144,178,189,189,264,264,276,276,10,10,10,10,345,370,370,370,389,389,418,430,430,430],"floor_reached":50,"playtime":4769,"items_purged":[],"score":1244,"play_id":"4134aca7-2f4c-47c4-aad5-953181aaaa4d","local_time":"20220824032700","is_ascension_mode":true,"campfire_choices":[{"data":"Eruption","floor":6.0,"key":"SMITH"},{"data":"CrushJoints","floor":12.0,"key":"SMITH"},{"data":"Strike_P","floor":15.0,"key":"PURGE"},{"floor":24.0,"key":"REST"},{"floor":28.0,"key":"REST"},{"floor":32.0,"key":"REST"},{"data":"Writhe","floor":40.0,"key":"PURGE"},{"data":"Strike_P","floor":44.0,"key":"PURGE"},{"data":"Strike_P","floor":46,"key":"PURGE"},{"floor":49,"key":"RECALL"}],"neow_cost":"NO_GOLD","seed_source_timestamp":0,"circlet_count":0,"master_deck":["AscendersBane","Strike_P","Defend_P","Defend_P","Defend_P","Defend_P","Eruption+1","Vigilance","EmptyBody","FollowUp","ThirdEye","Indignation","FlurryOfBlows","FearNoEvil","CrushJoints+1","MentalFortress","ReachHeaven+1","DevaForm","BowlingBash+1","FlurryOfBlows+1","Halt","CutThroughFate+1","EmptyFist+1","TalkToTheHand+1","MentalFortress+1","Blasphemy","Trip+1","EmptyFist+1","Halt+1"],"special_seed":0,"relics":["PureWater","Peace Pipe","Thread and Needle","Molten Egg 2","Boot","Runic Pyramid","Dead Branch","InkBottle","Nunchaku","PreservedInsect","Ancient Tea Set","Coffee Dripper","Toxic Egg 2","Old Coin","Unceasing Top","HornCleat"],"potions_floor_usage":[45,50],"damage_taken":[{"damage":0.0,"enemies":"Cultist","floor":1.0,"turns":3.0},{"damage":4.0,"enemies":"Jaw Worm","floor":2.0,"turns":6.0},{"damage":0.0,"enemies":"2 Louse","floor":3.0,"turns":2.0},{"damage":12.0,"enemies":"2 Fungi Beasts","floor":4.0,"turns":4.0},{"damage":5.0,"enemies":"Blue Slaver","floor":5.0,"turns":4.0},{"damage":3.0,"enemies":"Lagavulin","floor":7.0,"turns":5.0},{"damage":0.0,"enemies":"3 Louse","floor":8.0,"turns":4.0},{"damage":3.0,"enemies":"3 Sentries","floor":11.0,"turns":9.0},{"damage":0.0,"enemies":"Large Slime","floor":13.0,"turns":3.0},{"damage":0.0,"enemies":"Slime Boss","floor":16.0,"turns":4.0},{"damage":17.0,"enemies":"Shell Parasite","floor":18.0,"turns":3.0},{"damage":0.0,"enemies":"Chosen","floor":19.0,"turns":3.0},{"damage":21.0,"enemies":"Snake Plant","floor":22.0,"turns":5.0},{"damage":8.0,"enemies":"Slavers","floor":23.0,"turns":4.0},{"damage":0.0,"enemies":"Snecko","floor":25.0,"turns":3.0},{"damage":21.0,"enemies":"Book of Stabbing","floor":27.0,"turns":4.0},{"damage":0.0,"enemies":"Cultist and Chosen","floor":29.0,"turns":3.0},{"damage":18.0,"enemies":"Gremlin Leader","floor":30.0,"turns":3.0},{"damage":0.0,"enemies":"Centurion and Healer","floor":31.0,"turns":4.0},{"damage":12.0,"enemies":"Automaton","floor":33.0,"turns":8.0},{"damage":12.0,"enemies":"3 Darklings","floor":35.0,"turns":4.0},{"damage":30.0,"enemies":"Nemesis","floor":41.0,"turns":5.0},{"damage":0.0,"enemies":"Mind Bloom Boss Battle","floor":42.0,"turns":3.0},{"damage":6,"enemies":"3 Shapes","floor":45,"turns":4},{"damage":34,"enemies":"Reptomancer","floor":47,"turns":4},{"damage":0,"enemies":"Transient","floor":48,"turns":6},{"damage":32,"enemies":"Donu and Deca","floor":50,"turns":4}],"seed_played":"8801228749260472513","potions_obtained":[{"floor":1.0,"key":"EssenceOfSteel"},{"floor":3.0,"key":"Weak Potion"},{"floor":11.0,"key":"SkillPotion"},{"floor":14.0,"key":"Strength Potion"},{"floor":14.0,"key":"SteroidPotion"},{"floor":19.0,"key":"FairyPotion"},{"floor":31.0,"key":"LiquidMemories"},{"floor":33.0,"key":"Regen Potion"},{"floor":42.0,"key":"Regen Potion"},{"floor":47,"key":"DuplicationPotion"}],"is_trial":false,"path_per_floor":["M","M","M","M","M","R","E","M","T","$","E","R","M","?","R","B",null,"M","M","?","$","M","E","R","M","T","E","R","M","E","M","R","B",null,"M","?","$","?","?","R","E","?","T","R","M","R","E","M","R","B"],"character_chosen":"WATCHER","items_purchased":["MentalFortress","FlurryOfBlows+1","Halt","Toxic Egg 2"],"campfire_rested":3,"item_purchase_floors":[10,21,21,37],"current_hp_per_floor":[61,57,57,45,40,40,37,37,37,37,34,34,34,34,34,34,60,43,43,43,43,22,14,34,34,34,13,33,33,15,15,35,23,57,45,59,59,49,49,49,31,31,31,31,37,37,3,3,3,0],"gold":430,"neow_bonus":"ONE_RARE_RELIC","is_prod":false,"is_daily":false,"chose_seed":false,"campfire_upgraded":2,"win_rate":0,"timestamp":1661336820,"path_taken":["M","M","?","M","M","R","E","M","T","$","E","R","?","?","R","BOSS","M","?","?","$","M","E","R","M","T","E","R","M","E","M","R","BOSS","M","?","$","?","?","R","E","?","T","R","M","R","E","M","R","BOSS"],"build_version":"2022-03-07","purchased_purges":0,"victory":false,"max_hp_per_floor":[68,68,68,68,68,68,68,68,68,68,68,68,68,68,68,68,68,68,68,68,68,68,68,68,68,68,68,68,68,68,68,68,68,68,68,68,68,68,68,68,68,68,68,68,68,68,68,68,68,68],"relic_stats":{"Peace Pipe":5,"Nunchaku":[20],"counters":[27,114],"Dead Branch":[54],"PreservedInsect":155,"PureWater":[24],"Boot":[87],"Ancient Tea Set":[10],"obtain_stats":[{"Dead Branch":20,"Thread and Needle":7,"PreservedInsect":27,"Boot":11,"Ancient Tea Set":30,"Old Coin":41,"Peace Pipe":0,"Nunchaku":26,"HornCleat":47,"Molten Egg 2":9,"Coffee Dripper":34,"PureWater":0,"Toxic Egg 2":37,"InkBottle":23,"Unceasing Top":42,"Runic Pyramid":17},{"Dead Branch":12,"Thread and Needle":6,"PreservedInsect":16,"Boot":8,"Ancient Tea Set":18,"Old Coin":22,"Peace Pipe":0,"Nunchaku":15,"HornCleat":25,"Molten Egg 2":7,"Coffee Dripper":20,"PureWater":0,"Toxic Egg 2":21,"InkBottle":14,"Unceasing Top":23,"Runic Pyramid":10},{"Dead Branch":50,"Thread and Needle":24,"PreservedInsect":66,"Boot":37,"Ancient Tea Set":72,"Old Coin":93,"Peace Pipe":0,"Nunchaku":62,"HornCleat":104,"Molten Egg 2":28,"Coffee Dripper":84,"PureWater":0,"Toxic Egg 2":88,"InkBottle":59,"Unceasing Top":96,"Runic Pyramid":44}],"InkBottle":[32],"Unceasing Top":[2]},"card_choices":[{"not_picked":["Sanctity","Evaluate"],"picked":"EmptyBody","floor":1.0},{"not_picked":["DeceiveReality","FlyingSleeves"],"picked":"FollowUp","floor":2.0},{"not_picked":["FollowUp","Wireheading"],"picked":"ThirdEye","floor":3.0},{"not_picked":["ClearTheMind","Prostrate"],"picked":"Indignation","floor":4.0},{"not_picked":["ForeignInfluence","Prostrate"],"picked":"FlurryOfBlows","floor":5.0},{"not_picked":["JustLucky","ClearTheMind"],"picked":"FearNoEvil","floor":7.0},{"not_picked":["Evaluate","FollowUp"],"picked":"CrushJoints","floor":8.0},{"not_picked":["Prostrate","Swivel"],"picked":"ReachHeaven+1","floor":11.0},{"not_picked":["FollowUp+1","Consecrate+1","Alpha"],"picked":"SKIP","floor":13.0},{"not_picked":["Establishment","MasterReality"],"picked":"DevaForm","floor":16.0},{"not_picked":["Weave+1","Swivel","Indignation+1"],"picked":"SKIP","floor":18.0},{"not_picked":["Protect","SashWhip+1"],"picked":"BowlingBash+1","floor":19.0},{"not_picked":["EmptyMind","Fasting2","FlurryOfBlows+1"],"picked":"SKIP","floor":22.0},{"not_picked":["Prostrate","FlyingSleeves+1"],"picked":"CutThroughFate+1","floor":23.0},{"not_picked":["Crescendo","Establishment","Protect+1"],"picked":"SKIP","floor":25.0},{"not_picked":["Nirvana","FollowUp+1"],"picked":"EmptyFist+1","floor":27.0},{"not_picked":["ThirdEye","BowlingBash+1"],"picked":"TalkToTheHand+1","floor":29.0},{"not_picked":["ReachHeaven+1","JustLucky+1"],"picked":"MentalFortress+1","floor":30.0},{"not_picked":["Halt","JustLucky+1","Meditate+1"],"picked":"SKIP","floor":31.0},{"not_picked":["Establishment","SpiritShield"],"picked":"Blasphemy","floor":33.0},{"not_picked":["FlyingSleeves+1","FlurryOfBlows+1","PathToVictory"],"picked":"SKIP","floor":35.0},{"not_picked":["Dark Shackles+1","Forethought+1"],"picked":"Trip+1","floor":38.0},{"not_picked":["Impatience+1","Panache"],"picked":"Finesse+1","floor":38.0},{"not_picked":["Prostrate+1","Conclude+1"],"picked":"EmptyFist+1","floor":41.0},{"not_picked":["Prostrate+1","Weave+1","Swivel+1"],"picked":"SKIP","floor":45},{"not_picked":["SashWhip+1","CrushJoints+1","Prostrate+1"],"picked":"SKIP","floor":47},{"not_picked":["SashWhip+1","CutThroughFate+1"],"picked":"Halt+1","floor":48}],"player_experience":1095172,"relics_obtained":[{"floor":7.0,"key":"Thread and Needle"},{"floor":9.0,"key":"Molten Egg 2"},{"floor":11.0,"key":"Boot"},{"floor":23.0,"key":"InkBottle"},{"floor":26.0,"key":"Nunchaku"},{"floor":27.0,"key":"PreservedInsect"},{"floor":30.0,"key":"Ancient Tea Set"},{"floor":41.0,"key":"Old Coin"},{"floor":42.0,"key":"Unceasing Top"},{"floor":47,"key":"HornCleat"}],"event_choices":[{"damage_healed":0.0,"max_hp_gain":0.0,"max_hp_loss":0.0,"gold_gain":0.0,"event_name":"Lab","player_choice":"Got Potions","floor":14.0,"gold_loss":0.0,"damage_taken":0.0},{"damage_healed":0.0,"max_hp_gain":0.0,"max_hp_loss":0.0,"gold_gain":0.0,"event_name":"Addict","player_choice":"Obtained Relic","floor":20.0,"gold_loss":85.0,"damage_taken":0.0,"relics_obtained":["Dead Branch"]},{"damage_healed":14.0,"max_hp_gain":0.0,"max_hp_loss":0.0,"gold_gain":0.0,"event_name":"Winding Halls","player_choice":"Writhe","floor":36.0,"gold_loss":0.0,"damage_taken":0.0,"cards_obtained":["Writhe"]},{"damage_healed":0.0,"max_hp_gain":0.0,"max_hp_loss":0.0,"gold_gain":0.0,"event_name":"SensoryStone","player_choice":"Memory 3","floor":38.0,"gold_loss":0.0,"damage_taken":10.0},{"cards_removed":["Finesse"],"damage_healed":0.0,"max_hp_gain":0.0,"max_hp_loss":0.0,"gold_gain":0.0,"event_name":"Falling","player_choice":"Removed Skill","floor":39.0,"gold_loss":0.0,"damage_taken":0.0},{"damage_healed":0.0,"max_hp_gain":0.0,"max_hp_loss":0.0,"gold_gain":0.0,"event_name":"MindBloom","player_choice":"Fight","floor":42.0,"gold_loss":0.0,"damage_taken":0.0}],"is_beta":false,"boss_relics":[{"not_picked":["Fusion Hammer","Busted Crown"],"picked":"Runic Pyramid"},{"not_picked":["Astrolabe","Tiny House"],"picked":"Coffee Dripper"}],"items_purged_floors":[],"is_endless":false,"potions_floor_spawned":[1,3,5,11,19,23,31,33,42,47,48],"killed_by":"Donu and Deca","ascension_level":20}