{"gold_per_floor":[112,132,142,158,83,117,117,144,144,144,156,156,181,181,181,253,253,273,273,188,188,207,239,239,266,266,301,7,32,47,57,57,131,131,146,159,184,184,232,9,39,39,39,72,83,114,114,127,127,127,127,127,127,20,45,45],"floor_reached":57,"playtime":4416,"items_purged":["Normality","Regret","Strike_P"],"score":3372,"play_id":"827a0282-f1af-4ed1-ad7c-2876c63e928e","local_time":"20220919200431","is_ascension_mode":true,"campfire_choices":[{"data":"Eruption","floor":7.0,"key":"SMITH"},{"data":"MentalFortress","floor":10.0,"key":"SMITH"},{"data":"EmptyFist","floor":12.0,"key":"SMITH"},{"data":"Tantrum","floor":15.0,"key":"SMITH"},{"data":"Omniscience","floor":24.0,"key":"SMITH"},{"data":"InnerPeace","floor":32.0,"key":"SMITH"},{"data":"Vengeance","floor":42.0,"key":"SMITH"},{"data":"Indignation","floor":47.0,"key":"SMITH"},{"floor":49.0,"key":"RECALL"},{"data":"MentalFortress","floor":53.0,"key":"SMITH"}],"neow_cost":"NONE","seed_source_timestamp":0,"circlet_count":0,"master_deck":["AscendersBane","Strike_P","Strike_P+1","Strike_P","Defend_P","Defend_P+1","Defend_P","Eruption+1","Vigilance","MentalFortress+1","FlyingSleeves","ThirdEye","Consecrate","FearNoEvil+1","EmptyFist+1","Tantrum+1","Omniscience+1","MentalFortress+1","Indignation+1","Crescendo+1","InnerPeace+1","Master of Strategy+1","EmptyFist+1","Omniscience","Vengeance+1","DevaForm","LessonLearned","Study+1","Fasting2+1","CutThroughFate","ReachHeaven"],"special_seed":0,"relics":["Cursed Key","Mercury Hourglass","Ornamental Fan","Meat on the Bone","White Beast Statue","SacredBark","Thread and Needle","Enchiridion","TungstenRod","Mummified Hand","Ginger","Smiling Mask","Anchor","Coffee Dripper","CaptainsWheel","Potion Belt","Oddly Smooth Stone","Unceasing Top","Dead Branch","Lantern"],"potions_floor_usage":[55,56,56,56,56],"damage_taken":[{"damage":2.0,"enemies":"Cultist","floor":1.0,"turns":3.0},{"damage":0.0,"enemies":"Small Slimes","floor":2.0,"turns":4.0},{"damage":0.0,"enemies":"2 Louse","floor":3.0,"turns":2.0},{"damage":7.0,"enemies":"Large Slime","floor":4.0,"turns":6.0},{"damage":0.0,"enemies":"Lagavulin","floor":6.0,"turns":5.0},{"damage":6.0,"enemies":"3 Sentries","floor":8.0,"turns":4.0},{"damage":4.0,"enemies":"2 Fungi Beasts","floor":11.0,"turns":3.0},{"damage":6.0,"enemies":"Gremlin Nob","floor":13.0,"turns":3.0},{"damage":0.0,"enemies":"Slime Boss","floor":16.0,"turns":3.0},{"damage":10.0,"enemies":"2 Thieves","floor":18.0,"turns":2.0},{"damage":0.0,"enemies":"Chosen","floor":22.0,"turns":3.0},{"damage":0.0,"enemies":"Gremlin Leader","floor":23.0,"turns":3.0},{"damage":10.0,"enemies":"Slavers","floor":25.0,"turns":5.0},{"damage":1.0,"enemies":"Book of Stabbing","floor":27.0,"turns":4.0},{"damage":10.0,"enemies":"Slavers","floor":29.0,"turns":4.0},{"damage":0.0,"enemies":"Centurion and Healer","floor":30.0,"turns":2.0},{"damage":0.0,"enemies":"Sentry and Sphere","floor":31.0,"turns":3.0},{"damage":13.0,"enemies":"Champ","floor":33.0,"turns":9.0},{"damage":0.0,"enemies":"3 Darklings","floor":35.0,"turns":2.0},{"damage":8.0,"enemies":"3 Shapes","floor":36.0,"turns":7.0},{"damage":0.0,"enemies":"Mind Bloom Boss Battle","floor":37.0,"turns":4.0},{"damage":1.0,"enemies":"Giant Head","floor":41.0,"turns":4.0},{"damage":0.0,"enemies":"Nemesis","floor":44.0,"turns":5.0},{"damage":0.0,"enemies":"Sphere and 2 Shapes","floor":45.0,"turns":4.0},{"damage":8.0,"enemies":"Reptomancer","floor":46.0,"turns":5.0},{"damage":0.0,"enemies":"Transient","floor":48.0,"turns":6.0},{"damage":0.0,"enemies":"Awakened One","floor":50.0,"turns":5.0},{"damage":0.0,"enemies":"Donu and Deca","floor":51.0,"turns":7.0},{"damage":13,"enemies":"Shield and Spear","floor":55,"turns":6},{"damage":9,"enemies":"The Heart","floor":56,"turns":6}],"seed_played":"9201879785032425849","potions_obtained":[{"floor":1.0,"key":"FearPotion"},{"floor":2.0,"key":"SkillPotion"},{"floor":11.0,"key":"BlessingOfTheForge"},{"floor":13.0,"key":"EntropicBrew"},{"floor":16.0,"key":"CultistPotion"},{"floor":18.0,"key":"DistilledChaos"},{"floor":23.0,"key":"EntropicBrew"},{"floor":25.0,"key":"Dexterity Potion"},{"floor":27.0,"key":"DuplicationPotion"},{"floor":29.0,"key":"Swift Potion"},{"floor":30.0,"key":"SteroidPotion"},{"floor":31.0,"key":"Energy Potion"},{"floor":35.0,"key":"DistilledChaos"},{"floor":41.0,"key":"BlessingOfTheForge"},{"floor":44.0,"key":"Explosive Potion"},{"floor":45.0,"key":"Dexterity Potion"},{"floor":46.0,"key":"DuplicationPotion"},{"floor":48.0,"key":"Ancient Potion"},{"floor":55,"key":"ColorlessPotion"}],"is_trial":false,"path_per_floor":["M","M","M","M","?","E","R","E","T","R","M","R","E","?","R","B",null,"M","?","?","?","M","E","R","E","T","E","$","E","M","M","R","B",null,"M","M","?","?","T","$","E","R","T","E","M","E","R","M","R","B","B",null,"R","$","E","B",null],"character_chosen":"WATCHER","items_purchased":["Master of Strategy","EmptyFist","Potion Belt","Dexterity Potion"],"campfire_rested":0,"item_purchase_floors":[28,28,40,54],"current_hp_per_floor":[59,59,59,52,52,52,52,46,46,46,42,42,36,29,29,41,61,51,51,51,30,42,42,42,44,44,43,43,45,45,45,45,44,62,62,54,54,54,54,54,53,53,53,53,53,45,45,45,45,45,45,60,60,60,47,38],"gold":45,"neow_bonus":"BOSS_RELIC","is_prod":false,"is_daily":false,"chose_seed":false,"campfire_upgraded":9,"win_rate":0,"timestamp":1663635871,"path_taken":["M","M","?","M","?","E","R","E","T","R","M","R","E","?","R","BOSS","M","?","?","?","M","E","R","E","T","E","?","E","M","M","R","BOSS","M","M","?","?","?","$","E","R","T","E","?","E","R","M","R","BOSS","BOSS","R","$","E","BOSS"],"build_version":"2022-03-07","purchased_purges":3,"victory":true,"max_hp_per_floor":[68,68,68,68,68,68,68,68,68,68,68,68,68,68,68,68,68,68,68,68,68,68,68,68,68,68,68,68,68,68,68,68,68,68,68,68,68,65,65,65,65,65,65,65,65,65,65,65,65,65,65,65,65,65,65,65],"relic_stats":{"counters":[30,129],"Dead Branch":[58],"Ginger":[6],"Cursed Key":3,"Smiling Mask":150,"White Beast Statue":[0.0,0.0,0.0,0.4,0.0,0.6000000000000001,0.0,0.0,0.0,0.0,0.0,8.450994944000003],"Mercury Hourglass":[436],"Ornamental Fan":[256],"Mummified Hand":[113],"obtain_stats":[{"Potion Belt":40,"Lantern":55,"SacredBark":17,"Dead Branch":46,"Enchiridion":21,"Oddly Smooth Stone":41,"Thread and Needle":20,"Ginger":26,"Cursed Key":0,"Smiling Mask":27,"White Beast Statue":13,"Mercury Hourglass":6,"Anchor":29,"CaptainsWheel":37,"Ornamental Fan":8,"Mummified Hand":25,"Coffee Dripper":34,"PureWater":0,"TungstenRod":23,"Unceasing Top":44,"Meat on the Bone":9},{"Potion Belt":21,"Lantern":29,"SacredBark":9,"Dead Branch":25,"Enchiridion":10,"Oddly Smooth Stone":22,"Thread and Needle":10,"Ginger":13,"Cursed Key":0,"Smiling Mask":14,"White Beast Statue":8,"Mercury Hourglass":5,"Anchor":15,"CaptainsWheel":21,"Ornamental Fan":6,"Mummified Hand":13,"Coffee Dripper":18,"PureWater":0,"TungstenRod":12,"Unceasing Top":23,"Meat on the Bone":6},{"Potion Belt":81,"Lantern":123,"SacredBark":33,"Dead Branch":99,"Enchiridion":35,"Oddly Smooth Stone":85,"Thread and Needle":35,"Ginger":46,"Cursed Key":0,"Smiling Mask":50,"White Beast Statue":30,"Mercury Hourglass":20,"Anchor":54,"CaptainsWheel":81,"Ornamental Fan":24,"Mummified Hand":46,"Coffee Dripper":68,"PureWater":0,"TungstenRod":41,"Unceasing Top":90,"Meat on the Bone":24}],"TungstenRod":22,"Unceasing Top":[8],"Meat on the Bone":60},"card_choices":[{"not_picked":["Protect","ClearTheMind"],"picked":"MentalFortress","floor":1.0},{"not_picked":["Perseverance","SignatureMove"],"picked":"FlyingSleeves","floor":2.0},{"not_picked":["WaveOfTheHand","EmptyBody"],"picked":"ThirdEye","floor":3.0},{"not_picked":["EmptyBody","Alpha"],"picked":"Consecrate","floor":4.0},{"not_picked":["Worship","DevaForm","Perseverance"],"picked":"SKIP","floor":6.0},{"not_picked":["CarveReality","WreathOfFlame"],"picked":"FearNoEvil","floor":8.0},{"not_picked":["FearNoEvil","EmptyBody"],"picked":"EmptyFist","floor":11.0},{"not_picked":["ClearTheMind","Protect"],"picked":"Tantrum","floor":13.0},{"not_picked":["LessonLearned","Scrawl"],"picked":"Omniscience","floor":16.0},{"not_picked":["EmptyFist","SashWhip"],"picked":"MentalFortress","floor":18.0},{"not_picked":["Crescendo","Sanctity"],"picked":"Indignation","floor":22.0},{"not_picked":["FlyingSleeves","SignatureMove"],"picked":"Crescendo+1","floor":23.0},{"not_picked":["Evaluate","Perseverance"],"picked":"InnerPeace","floor":25.0},{"not_picked":["SpiritShield","CrushJoints","Crescendo"],"picked":"SKIP","floor":27.0},{"not_picked":["SignatureMove","Collect"],"picked":"Omniscience","floor":29.0},{"not_picked":["Evaluate","CrushJoints","Prostrate"],"picked":"SKIP","floor":30.0},{"not_picked":["FlyingSleeves+1","EmptyFist","SandsOfTime+1"],"picked":"SKIP","floor":31.0},{"not_picked":["Protect","BowlingBash","LikeWater"],"picked":"SKIP","floor":35.0},{"not_picked":["JustLucky","SashWhip"],"picked":"Vengeance","floor":36.0},{"not_picked":["BowlingBash","Tantrum"],"picked":"DevaForm","floor":41.0},{"not_picked":["ForeignInfluence+1","Crescendo"],"picked":"LessonLearned","floor":44.0},{"not_picked":["ClearTheMind","Evaluate"],"picked":"Study+1","floor":45.0},{"not_picked":["CutThroughFate","Protect"],"picked":"Fasting2+1","floor":46.0},{"not_picked":["EmptyBody","Wireheading"],"picked":"CutThroughFate","floor":48.0},{"not_picked":["CrushJoints","ClearTheMind"],"picked":"ReachHeaven","floor":55}],"player_experience":1198672,"relics_obtained":[{"floor":6.0,"key":"Mercury Hourglass"},{"floor":8.0,"key":"Ornamental Fan"},{"floor":9.0,"key":"Meat on the Bone"},{"floor":13.0,"key":"White Beast Statue"},{"floor":21.0,"key":"Enchiridion"},{"floor":23.0,"key":"TungstenRod"},{"floor":25.0,"key":"Mummified Hand"},{"floor":26.0,"key":"Ginger"},{"floor":27.0,"key":"Smiling Mask"},{"floor":29.0,"key":"Anchor"},{"floor":37.0,"key":"CaptainsWheel"},{"floor":41.0,"key":"Oddly Smooth Stone"},{"floor":44.0,"key":"Unceasing Top"},{"floor":46.0,"key":"Dead Branch"},{"floor":55,"key":"Lantern"}],"event_choices":[{"cards_removed":["Defend_P"],"damage_healed":0.0,"max_hp_gain":0.0,"max_hp_loss":0.0,"gold_gain":0.0,"event_name":"The Cleric","player_choice":"Card Removal","floor":5.0,"gold_loss":75.0,"damage_taken":0.0},{"cards_removed":["Normality"],"damage_healed":0.0,"max_hp_gain":0.0,"max_hp_loss":0.0,"gold_gain":0.0,"event_name":"Golden Wing","player_choice":"Card Removal","floor":14.0,"gold_loss":0.0,"damage_taken":7.0},{"damage_healed":0.0,"max_hp_gain":0.0,"max_hp_loss":0.0,"gold_gain":0.0,"event_name":"The Mausoleum","player_choice":"Ignored","floor":19.0,"gold_loss":0.0,"damage_taken":0.0},{"damage_healed":0.0,"max_hp_gain":0.0,"max_hp_loss":0.0,"gold_gain":0.0,"event_name":"Addict","player_choice":"Obtained Relic","floor":20.0,"gold_loss":85.0,"damage_taken":0.0,"relics_obtained":["Thread and Needle"]},{"damage_healed":0.0,"max_hp_gain":0.0,"max_hp_loss":0.0,"gold_gain":0.0,"event_name":"Cursed Tome","player_choice":"Obtained Book","floor":21.0,"gold_loss":0.0,"damage_taken":21.0},{"damage_healed":0.0,"max_hp_gain":0.0,"max_hp_loss":0.0,"gold_gain":0.0,"event_name":"MindBloom","player_choice":"Fight","floor":37.0,"gold_loss":0.0,"damage_taken":0.0},{"damage_healed":0.0,"max_hp_gain":0.0,"max_hp_loss":3.0,"gold_gain":0.0,"event_name":"Winding Halls","player_choice":"Max HP","floor":38.0,"gold_loss":0.0,"damage_taken":0.0}],"is_beta":false,"boss_relics":[{"not_picked":["Calling Bell","Runic Dome"],"picked":"SacredBark"},{"not_picked":["Snecko Eye","Empty Cage"],"picked":"Coffee Dripper"}],"items_purged_floors":[28,40,54],"is_endless":false,"potions_floor_spawned":[1,2,11,13,16,18,22,23,25,27,29,30,31,33,35,36,37,41,44,45,46,48,55],"ascension_level":20}