{"gold_per_floor":[114,132,152,202,222,252,271,306,306,381,30,30],"floor_reached":12,"playtime":743,"items_purged":["Strike_P"],"score":180,"play_id":"37cc805a-4997-439c-a765-6e07a5c9e1a6","local_time":"20220929031101","is_ascension_mode":true,"campfire_choices":[],"neow_cost":"TEN_PERCENT_HP_LOSS","seed_source_timestamp":384841356187037,"circlet_count":0,"master_deck":["AscendersBane","Strike_P","Strike_P","Strike_P","Defend_P","Defend_P","Eruption","Vigilance","ForeignInfluence","Alpha","ThirdEye","TalkToTheHand","Crescendo","FlurryOfBlows","Protect","FearNoEvil","Vault","Apotheosis","Tantrum","EmptyFist"],"special_seed":0,"relics":["PureWater","Kunai","Regal Pillow"],"potions_floor_usage":[],"damage_taken":[{"damage":4.0,"enemies":"Jaw Worm","floor":1.0,"turns":4.0},{"damage":1.0,"enemies":"Cultist","floor":2.0,"turns":4.0},{"damage":4.0,"enemies":"Small Slimes","floor":3.0,"turns":4.0},{"damage":11.0,"enemies":"3 Louse","floor":5.0,"turns":5.0},{"damage":12.0,"enemies":"Gremlin Nob","floor":6.0,"turns":3.0},{"damage":3.0,"enemies":"Exordium Wildlife","floor":7.0,"turns":4.0},{"damage":6.0,"enemies":"3 Sentries","floor":8.0,"turns":3.0},{"damage":10,"enemies":"Lagavulin","floor":12,"turns":5}],"seed_played":"-5476414723541417294","potions_obtained":[{"floor":7.0,"key":"ColorlessPotion"}],"is_trial":false,"path_per_floor":["M","M","M","?","M","E","M","E","T","?","$","E"],"character_chosen":"WATCHER","items_purchased":["Apotheosis","Tantrum","EmptyFist"],"campfire_rested":0,"item_purchase_floors":[11,11,11],"current_hp_per_floor":[57,56,52,46,35,23,20,14,14,3,3,0],"gold":30,"neow_bonus":"TRANSFORM_TWO_CARDS","is_prod":false,"is_daily":false,"chose_seed":false,"campfire_upgraded":0,"win_rate":0,"timestamp":1664446261,"path_taken":["M","M","M","?","?","E","M","E","T","?","$","E"],"build_version":"2022-03-07","purchased_purges":1,"victory":false,"max_hp_per_floor":[62,62,62,62,62,62,62,62,62,62,62,62],"relic_stats":{"Regal Pillow":0,"counters":[8,32],"Kunai":[5],"PureWater":[6],"obtain_stats":[{"Regal Pillow":8,"Kunai":6,"PureWater":0},{"Regal Pillow":7,"Kunai":5,"PureWater":0},{"Regal Pillow":27,"Kunai":20,"PureWater":0}]},"card_choices":[{"not_picked":["JustLucky","SignatureMove"],"picked":"ThirdEye","floor":1.0},{"not_picked":["ClearTheMind","JustLucky"],"picked":"TalkToTheHand","floor":2.0},{"not_picked":["ForeignInfluence","Evaluate"],"picked":"Crescendo","floor":3.0},{"not_picked":["Swivel","FollowUp"],"picked":"FlurryOfBlows","floor":5.0},{"not_picked":["SashWhip","PathToVictory"],"picked":"Protect","floor":6.0},{"not_picked":["Crescendo","JustLucky"],"picked":"FearNoEvil","floor":7.0},{"not_picked":["Tantrum","Evaluate"],"picked":"Vault","floor":8.0}],"player_experience":1237969,"relics_obtained":[{"floor":6.0,"key":"Kunai"},{"floor":8.0,"key":"Regal Pillow"}],"event_choices":[{"damage_healed":0.0,"max_hp_gain":0.0,"max_hp_loss":0.0,"gold_gain":50.0,"event_name":"FaceTrader","player_choice":"Touch","floor":4.0,"gold_loss":0.0,"damage_taken":6.0},{"damage_healed":0.0,"max_hp_gain":0.0,"max_hp_loss":0.0,"gold_gain":75.0,"event_name":"World of Goop","player_choice":"Gather Gold","floor":10.0,"gold_loss":0.0,"damage_taken":11.0}],"is_beta":false,"boss_relics":[],"items_purged_floors":[11],"is_endless":false,"potions_floor_spawned":[7],"killed_by":"Lagavulin","ascension_level":20}